%% This BibTeX bibliography file was created using BibDesk.
%% http://bibdesk.sourceforge.net/


%% Created for Jeff Erickson at 2009-07-27 01:28:22 -0500 


%% Saved with string encoding Unicode (UTF-8) 



@inproceedings{a-feim-80,
	Author = {Helmut Alt},
	Booktitle = {Proc. 7th Int. Colloq. Automata Lang. Prog.},
	Date-Added = {2009-07-27 01:25:49 -0500},
	Date-Modified = {2009-07-27 01:28:13 -0500},
	Number = {85},
	Pages = {30--37},
	Publisher = {Springer},
	Series = {Lecture Notes Comput. Sci.},
	Title = {Functions Equivalent to Integer Multiplication},
	Year = {1980}}

@article{a-cccaf-88,
	Author = {Helmut Alt},
	Date-Added = {2009-07-27 01:21:07 -0500},
	Date-Modified = {2009-07-27 01:21:37 -0500},
	Journal = {J. Assoc. Comput. Mach.},
	Number = {2},
	Pages = {447--460},
	Title = {Comparing the combinational complexities of arithmetic functions},
	Volume = {35},
	Year = {1988},
	Bdsk-Url-1 = {http://doi.acm.org.proxy2.library.uiuc.edu/10.1145/42282.214084}}

@article{ss-smgz-71,
	Author = {Arnold Sch{\"o}nhage and Volker Strassen},
	Date-Added = {2009-07-27 01:18:16 -0500},
	Date-Modified = {2009-07-27 01:19:30 -0500},
	Journal = {Computing},
	Pages = {281--292},
	Title = {Schnelle {Multiplikation} gro{\ss}er {Zahlen}},
	Volume = {7},
	Year = {1971}}

@inproceedings{abhvw-dsaad-04,
	Author = {Umut A. Acar and Guy E. Blelloch and Robert Harper and Jorge L. Vittes and Shan Leung Maverick Woo},
	Booktitle = {Proc. 15th Ann. ACM-SIAM Symp. Discrete Algorithms},
	Date-Added = {2009-07-06 05:53:45 -0500},
	Date-Modified = {2009-07-06 05:54:48 -0500},
	Pages = {531--540},
	Title = {Dynamizing static algorithms, with applications to dynamic trees and history independence},
	Year = {2004}}

@article{hk-rfdga-99,
	Author = {Monika R. Henzinger and Valerie King},
	Date-Added = {2008-12-10 02:44:28 -0600},
	Date-Modified = {2008-12-10 02:45:16 -0600},
	Journal = {J. ACM},
	Number = {4},
	Pages = {502--516},
	Title = {Randomized fully dynamic graph algorithms with polylogarithmic time per operation},
	Volume = {46},
	Year = {1999}}

@inproceedings{tw-satt-05,
	Author = {Robert E. Tarjan and Renato F. Werneck},
	Booktitle = {Proc. 16th Ann. ACM-SIAM Symp. Discrete Algorithms},
	Date-Added = {2008-12-10 02:41:39 -0600},
	Date-Modified = {2008-12-10 02:43:30 -0600},
	Pages = {813--822},
	Title = {Self-adjusting top trees},
	Year = {2005}}

@article{ahlt-mifdt-05,
	Author = {Stephen Alstrup and Jacob Holm and Kristian {De Lichtenberg} and Mikkel Thorup},
	Date-Added = {2008-12-10 02:38:56 -0600},
	Date-Modified = {2008-12-10 02:41:20 -0600},
	Journal = {ACM Trans. Algorithms},
	Number = {2},
	Pages = {243--264},
	Title = {Maintaining information in fully dynamic trees with top trees},
	Volume = {1},
	Year = {2005}}

@article{ssp-cetm-08,
	Author = {Boris Springborn and Peter Schr{\"o}der and Ulrich Pinkall},
	Date-Added = {2008-12-09 19:45:07 -0600},
	Date-Modified = {2008-12-10 02:52:24 -0600},
	Journal = {ACM Trans. Graphics},
	Note = {Proc. SIGGRAPH 2008},
	Number = {3},
	Title = {Conformal equivalence of triangle meshes},
	Volume = {27},
	Year = {Article 77 (11 pages), 2008}}

@article{bgh-dsmd-99,
	Author = {Julian Basch and Leonidas J. Guibas and John Hershberger},
	Date-Added = {2008-12-09 18:07:00 -0600},
	Date-Modified = {2008-12-09 18:08:06 -0600},
	Journal = {J. Algorithms},
	Number = {1},
	Pages = {1--28},
	Title = {Data Structures for Mobile Data},
	Volume = {31},
	Year = {1999}}

@article{ht-fafnc-84,
	Author = {Dov Harel and Robert Endre Tarjan},
	Date-Added = {2008-11-24 13:38:33 -0600},
	Date-Modified = {2008-11-24 13:38:33 -0600},
	Journal = {SIAM J. Comput.},
	Number = 2,
	Pages = {338--355},
	Title = {Fast algorithms for finding nearest common ancestors},
	Volume = 13,
	Year = 1984}

@article{st-dsdt-83,
	Author = {Daniel D. Sleator and Robert Endre Tarjan},
	Date-Added = {2008-11-24 13:37:37 -0600},
	Date-Modified = {2008-11-24 13:37:37 -0600},
	Journal = {J. Comput. Syst. Sci.},
	Number = {3},
	Pages = {362--391},
	Title = {A data structure for dynamic trees},
	Volume = {26},
	Year = {1983}}
