%% This BibTeX bibliography file was created using BibDesk.
%% http://bibdesk.sourceforge.net/


%% Created for Kyle Fox at 2013-12-05 10:49:58 -0600 


%% Saved with string encoding Unicode (UTF-8) 



@inproceedings{cns-medpk-13,
	Author = {Chandra Chekuri and Guyslain Naves and F. Bruce Shepherd},
	Booktitle = {Proc. 40th Int. Colloq. Automata Lang. Prog.},
	Date-Added = {2013-12-05 16:49:56 +0000},
	Date-Modified = {2013-12-05 16:49:56 +0000},
	Pages = {328--339},
	Title = {Maximum Edge-Disjoint Paths in $k$-Sums of Graphs},
	Year = {2013}}

@inproceedings{pp-fmqcp-93,
	Acmid = {167284},
	Address = {New York, NY, USA},
	Author = {Park, James K. and Phillips, Cynthia A.},
	Booktitle = {Proceedings of the twenty-fifth annual ACM symposium on Theory of computing},
	Date-Added = {2013-10-18 19:16:17 +0000},
	Date-Modified = {2013-10-18 19:16:17 +0000},
	Doi = {10.1145/167088.167284},
	Isbn = {0-89791-591-7},
	Location = {San Diego, California, United States},
	Numpages = {10},
	Pages = {766--775},
	Publisher = {ACM},
	Series = {STOC '93},
	Title = {Finding minimum-quotient cuts in planar graphs},
	Url = {http://doi.acm.org/10.1145/167088.167284},
	Year = {1993},
	Bdsk-Url-1 = {http://doi.acm.org/10.1145/167088.167284},
	Bdsk-Url-2 = {http://dx.doi.org/10.1145/167088.167284}}

@inproceedings{ck-abm-11,
	Author = {Sabine Cornelsen and Andreas Karrenbauer},
	Booktitle = {Proc. 19th Symp. Graph Drawing},
	Date-Added = {2013-10-12 01:17:58 +0000},
	Date-Modified = {2013-10-12 01:21:29 +0000},
	Pages = {111--122},
	Title = {Accelerated Bend Minimization},
	Year = {2011}}

@inproceedings{ckl-lg-12,
	Author = {Sabine Cornelsen and Andreas Karrenbauer and Shujun Li},
	Bibsource = {DBLP, http://dblp.uni-trier.de},
	Booktitle = {Proc. 14th Meeting on Algorithm Engineering and Experiments},
	Crossref = {DBLP:conf/alenex/2012},
	Date-Added = {2013-10-12 01:15:38 +0000},
	Date-Modified = {2013-10-12 01:17:17 +0000},
	Ee = {http://siam.omnibooksonline.com/2012ALENEX/data/papers/016.pdf},
	Pages = {45--54},
	Title = {Leveling the Grid},
	Year = {2012}}

@inproceedings{bkmnw-msmsm-11,
	Author = {Glencora Borradaile and Philip N. Klein and Shay Mozes and Yahav Nussbaum and Christian Wulff-Nilsen},
	Booktitle = {Proc. 52nd IEEE Symp. Found. Comput. Sci.},
	Date-Added = {2013-10-11 22:14:15 +0000},
	Date-Modified = {2013-10-11 22:18:17 +0000},
	Pages = {170--179},
	Title = {Multiple-Source Multiple-Sink Maximum Flow in Directed Planar Graphs in Near-Linear Time},
	Year = {2011}}

@article{krt-fdmfa-94,
	Author = {Valerie King and Satish Rao and Robert E. Tarjan},
	Date-Added = {2013-09-30 17:24:21 +0000},
	Date-Modified = {2013-09-30 17:34:07 +0000},
	Journal = {J. Algorithms},
	Number = {3},
	Pages = {447--474},
	Title = {A faster deterministic maximum flow algorithm},
	Volume = {17},
	Year = {1994}}

@article{k-rscfn-99,
	Abstract = {We use random sampling as a tool for solving undirected graph problems. We show that the sparse graph, or skeleton, that arises when we randomly sample a graph's edges will accurately approximate the value of all cuts in the original graph with high probability. This makes sampling effective for problems involving cuts in graphs. We present fast randomized (Monte Carlo and Las Vegas) algorithms for approximating and exactly finding minimum cuts and maximum flows in unweighted, undirected graphs. Our cut-approximation algorithms extend unchanged to weighted graphs while our weighted-graph flow algorithms are somewhat slower. Our approach gives a general paradigm with potential applications to any packing problem. It has since been used in a near-linear time algorithm for finding minimum cuts, as well as faster cut and flow algorithms. Our sampling theorems also yield faster algorithms for several other cut-based problems, including approximating the best balanced cut of a graph, finding a k-connected orientation of a 2k-connected graph, and finding integral multicommodity flows in graphs with a great deal of excess capacity. Our methods also improve the efficiency of some parallel cut and flow algorithms. Our methods also apply to the network design problem, where we wish to build a network satisfying certain connectivity requirements between vertices. We can purchase edges of various costs and wish to satisfy the requirements at minimum total cost. Since our sampling theorems apply even when the sampling probabilities are different for different edges, we can apply randomized rounding to solve network design problems. This gives approximation algorithms that guarantee much better approximations than previous algorithms whenever the minimum connectivity requirement is large. As a particular example, we improve the best approximation bound for the minimum k-connected subgraph problem from 1.85 to 1 + O(âˆšlog n)/k).},
	Author = {Karger, David R.},
	Copyright = {Copyright {\copyright} 1999 INFORMS},
	Date-Added = {2013-09-16 21:07:37 +0000},
	Date-Modified = {2013-09-16 21:07:37 +0000},
	Issn = {0364765X},
	Journal = {Mathematics of Operations Research},
	Jstor_Articletype = {research-article},
	Jstor_Formatteddate = {May, 1999},
	Language = {English},
	Number = {2},
	Pages = {pp. 383-413},
	Publisher = {INFORMS},
	Title = {Random Sampling in Cut, Flow, and Network Design Problems},
	Url = {http://www.jstor.org/stable/3690490},
	Volume = {24},
	Year = {1999},
	Bdsk-Url-1 = {http://www.jstor.org/stable/3690490}}

@inproceedings{ks-oamc-93,
	Author = {Karger, D.R. and Stein, C.},
	Booktitle = {Proc. 25th Ann. ACM Symp. Theory Comput.},
	Date-Added = {2013-09-16 21:07:18 +0000},
	Date-Modified = {2013-09-16 21:07:18 +0000},
	Organization = {ACM},
	Pages = {757--765},
	Title = {{An $\tilde{O}(n^2)$ algorithm for minimum cuts}},
	Year = {1993}}

@inproceedings{o-mfotl-13,
	Author = {James B. Orlin},
	Booktitle = {Proc. 45th Ann. ACM Symp. Theory Comput.},
	Date-Added = {2013-03-26 17:16:00 +0000},
	Date-Modified = {2013-09-30 17:21:42 +0000},
	Pages = {765--774},
	Title = {Max flows in {$O(nm)$} time, or better},
	Year = {2013}}

@article{ni-cemcg-92,
	Author = {Hiroshi Nagamochi and Toshihide Ibaraki},
	Date-Added = {2011-10-03 09:15:09 +0000},
	Date-Modified = {2011-10-03 09:15:55 +0000},
	Journal = {SIAM J. Discrete Math.},
	Number = {1},
	Pages = {54--66},
	Title = {Computing Edge-Connectivity in Multigraphs and Capacitated Graphs},
	Volume = {5},
	Year = {1992}}

@incollection{ni-cecmc-90,
	Author = {Hiroshi Nagamochi and Toshihide Ibaraki},
	Booktitle = {Algorithms},
	Date-Added = {2011-10-03 09:14:29 +0000},
	Date-Modified = {2011-10-03 09:14:37 +0000},
	Pages = {12--20},
	Publisher = {Springer},
	Series = {Lecture Notes Comput. Sci.},
	Title = {Computing edge-connectivity in multiple and capacitated graphs},
	Volume = {450},
	Year = {1990}}

@article{k-mcnlt-00,
	Author = {David R. Karger},
	Date-Added = {2011-10-03 09:13:37 +0000},
	Date-Modified = {2011-10-03 09:13:42 +0000},
	Journal = {J. ACM},
	Number = {1},
	Pages = {46--76},
	Title = {Minimum cuts in near-linear time.},
	Volume = {47},
	Year = {2000}}

@inproceedings{insw-iamcmf-11,
	Author = {Giuseppe F. Italiano and Yahav Nussbaum and Piotr Sankowski and Christian Wulff-Nilsen},
	Booktitle = {Proc. 43rd Ann. ACM Symp. Theory Comput.},
	Date-Added = {2011-10-03 09:12:12 +0000},
	Date-Modified = {2011-10-03 09:12:12 +0000},
	Pages = {313--322},
	Title = {Improved algorithms for min cut and max flow in undirected planar graphs},
	Year = {2011}}

@article{g-psppt-95,
	Author = {Michael T. Goodrich},
	Date-Added = {2011-09-01 08:40:21 +0000},
	Date-Modified = {2011-09-01 08:40:53 +0000},
	Journal = {J. Comput. Syst. Sci.},
	Number = {3},
	Pages = {374--389},
	Title = {Planar Separators and Parallel Polygon Triangulation},
	Volume = {51},
	Year = {1995},
	Bdsk-Url-1 = {http://www.sciencedirect.com/science/article/pii/S0022000085710768},
	Bdsk-Url-2 = {http://dx.doi.org/10.1006/jcss.1995.1076}}

@inproceedings{g-psppt-92,
	Author = {Michael T. Goodrich},
	Booktitle = {Proc. 24th Ann. ACM Symp. Theory of Computing},
	Date-Added = {2011-09-01 08:38:08 +0000},
	Date-Modified = {2011-09-01 08:39:13 +0000},
	Pages = {507--516},
	Title = {Planar separators and parallel polygon triangulation (preliminary version)},
	Year = {1992}}

@article{kk-altag-90,
	Author = {Maria M. Klawe and Daniel J. Kleitman},
	Date-Added = {2011-08-26 19:05:33 +0000},
	Date-Modified = {2011-08-26 19:06:24 +0000},
	Journal = {SIAM J. Discrete Math.},
	Number = {1},
	Pages = {81--97},
	Title = {An almost linear time algorithm for generalized matrix searching},
	Volume = {3},
	Year = {1990}}

@article{bkm-asstp-09,
	Author = {Glencora Borradaile and Philip Klein and Claire Mathieu},
	Date-Added = {2011-08-26 09:19:18 +0000},
	Date-Modified = {2011-08-26 09:20:32 +0000},
	Journal = {ACM Trans. Algorithms},
	Number = {3},
	Pages = {article 31},
	Title = {An {$O(n \log n)$} approximation scheme for {Steiner} tree in planar graphs},
	Volume = {5},
	Year = {2009},
	Bdsk-Url-1 = {http://doi.acm.org/10.1145/1541885.1541892}}

@incollection{hk-ibpcp-10,
	Author = {Alan J. Hoffman and Joseph B. Kruskal},
	Booktitle = {50 Years of Integer Programming 1958--2008: From the Early Years to the State of the Art},
	Chapter = {3},
	Comments = {Foreword by Hoffman and Kruskal credits the phrase "totally unimodular" to Hoffmann},
	Date-Added = {2011-08-25 14:50:45 +0000},
	Date-Modified = {2011-08-25 14:54:56 +0000},
	Editor = {Michael J{\"u}nger and Thomas M. Liebling and Denis Naddef and George L. Nemhauser and William R. Pulleyblank and Gerhard Reinelt and Giovanni Rinaldi and Laurence A. Wolsey},
	Keywords = {total unimodularity},
	Pages = {49--76},
	Publisher = {Springer-Verlag},
	Title = {Integral boundary points of convex polyhedra},
	Year = {2010}}

@article{c-qas-22,
	Author = {Jules Chuard},
	Date-Added = {2011-08-25 14:38:25 +0000},
	Date-Modified = {2011-08-25 14:39:06 +0000},
	Journal = {Rendiconti del Circulo Matematico di Palermo},
	Keywords = {total unimodularity},
	Number = {1},
	Pages = {185--224},
	Title = {Questions d'analysis situs},
	Volume = {46},
	Year = {1922}}

@article{vf-mwei-21,
	Author = {Oswald Veblen and Philip Franklin},
	Date-Added = {2011-08-25 14:27:56 +0000},
	Date-Modified = {2011-08-25 14:42:45 +0000},
	Journal = {Ann. Math.},
	Keywords = {total unimodularity},
	Pages = {1--15},
	Title = {On matrices whose elements are integers},
	Volume = {23},
	Year = {1921}}

@article{vd-iep-68,
	Author = {Arthur F. {Veinott, Jr.} and George B. Dantzig},
	Comments = {Credits "totally unimodular" to Hoffmann},
	Date-Added = {2011-08-25 14:11:19 +0000},
	Date-Modified = {2011-08-25 14:49:40 +0000},
	Journal = {SIAM Review},
	Keywords = {total unimodularity},
	Number = {3},
	Pages = {371--372},
	Title = {Integral Extreme Points},
	Volume = {10},
	Year = {1968}}

@book{s-tlip-86,
	Address = {New York},
	Author = {Alexander Schrijver},
	Date-Added = {2011-08-06 17:23:47 -0500},
	Date-Modified = {2011-08-06 17:23:53 -0500},
	Keywords = {textbook},
	Publisher = {John Wiley \& Sons, Inc.},
	Title = {Theory of Linear and Integer Programming},
	Year = {1986}}

@inproceedings{ls-mcsc-11,
	Author = {Jakub \L\c{a}cki and Piotr Sankowski},
	Booktitle = {Proc. 19th Ann. Europ. Symp. Algorithms},
	Date-Added = {2011-08-05 13:06:12 -0500},
	Date-Modified = {2012-06-30 22:56:26 +0000},
	Number = {6942},
	Pages = {155--166},
	Publisher = {Springer},
	Series = {Lecture Notes Comput. Sci.},
	Title = {Min-cuts and Shortest Cycles in Planar Graphs in {$O(n \log \log n)$} Time},
	Year = {2011}}

@book{kt-ad-05,
	Author = {Jon Kleinberg and {\'E}va Tardos},
	Date-Added = {2011-05-24 10:42:14 -0500},
	Date-Modified = {2011-05-24 10:43:42 -0500},
	Keywords = {textbook},
	Publisher = {Addison-Wesley},
	Title = {Algorithm Design},
	Year = {2005}}

@inproceedings{r-stmcn-80,
	Author = {H. R{\"o}ck},
	Booktitle = {Discrete Structures and Algorithms [Proc. 5th Workshop Graph-Theoretic Concepts Comput. Sci.]},
	Date-Added = {2011-05-23 11:32:57 -0500},
	Date-Modified = {2011-05-23 14:50:09 -0500},
	Editor = {U. Pape},
	Pages = {181--191},
	Publisher = {Hanser, M{\"u}nich},
	Title = {Scaling techniques for minimal cost network flows},
	Year = {1980}}

@article{bj-cbptn-92,
	Author = {Robert G. Bland and David L. Jensen},
	Date-Added = {2011-05-23 11:31:44 -0500},
	Date-Modified = {2011-05-23 11:32:24 -0500},
	Journal = {Math. Program.},
	Number = {1},
	Pages = {1--39},
	Title = {On the computational behavior of a polynomial-time network flow algorithm},
	Volume = {54},
	Year = {1992},
	Bdsk-Url-1 = {http://dx.doi.org/10.1007/BF01586039}}

@article{gt-fmccs-90,
	Author = {Andrew V. Goldberg and Robert E. Tarjan},
	Date-Added = {2011-05-23 11:03:30 -0500},
	Date-Modified = {2011-05-23 11:06:09 -0500},
	Journal = {Math. Oper. Res.},
	Number = {3},
	Pages = {430--466},
	Title = {Finding minimum cost circulations by successive approximation},
	Volume = {15},
	Year = {1990}}

@article{t-spmcc-85,
	Author = {{\'E}va Tardos},
	Date-Added = {2011-05-23 10:40:54 -0500},
	Date-Modified = {2011-05-23 10:41:45 -0500},
	Journal = {Combinatorica},
	Pages = {247--255},
	Title = {A strongly polynomial minimum cost circulation algorithm},
	Volume = {5},
	Year = {1985}}

@incollection{ht-etd-56,
	Author = {Isidore Heller and Charles Brown Tomkins},
	Booktitle = {Linear Inequalities and Related Systems},
	Date-Added = {2011-05-23 01:43:59 -0500},
	Date-Modified = {2011-05-23 02:00:13 -0500},
	Editor = {Harold W. Kuhn and Albert William Tucker},
	Number = {38},
	Pages = {215--221},
	Publisher = {Princeton University Press},
	Series = {Annals of Mathematical Studies},
	Title = {An extension of a theorem of {Dantzig's}},
	Year = {1956}}

@incollection{gtt-nfa-90,
	Author = {Andrew V. Goldberg and {\'E}va Tardos and Robert E. Tarjan},
	Booktitle = {Paths, Flows, and VLSI-Layout},
	Date-Added = {2011-05-23 00:05:52 -0500},
	Date-Modified = {2011-05-23 00:31:21 -0500},
	Editor = {Bernhard Korte and L{\'a}szl{\'o} Lov{\'a}sz and Hans J{\"u}rgen Pr{\"o}mel and Alexander Schrijver},
	Keywords = {survey},
	Pages = {101--164},
	Publisher = {Springer-Verlag},
	Series = {Algorithms and Combinatorics},
	Title = {Network Flow Algorithms},
	Volume = {9},
	Year = {1990}}

@article{mr-mtnph-08,
	Author = {Wolfgang Mulzer and G{\"u}nter Rote},
	Date-Added = {2011-05-22 16:12:30 -0500},
	Date-Modified = {2011-05-22 16:13:30 -0500},
	Journal = {J. ACM},
	Number = {2},
	Pages = {article 11},
	Title = {Minimum-weight triangulation is {NP}-hard},
	Volume = {55},
	Year = {2008}}

@inproceedings{s-csp-78,
	Author = {Thomas J. Schaefer},
	Booktitle = {Proc. 10th ACM Symp. Theory Comput.},
	Comment = {1-in-3 SAT, Not all equal 3SAT},
	Date-Added = {2011-05-22 14:38:48 -0500},
	Date-Modified = {2011-05-22 14:40:56 -0500},
	Pages = {216--226},
	Title = {The complexity of satisfiability problems},
	Year = {1978}}

@incollection{k-racpc-72,
	Address = {New York},
	Author = {Richard M. Karp},
	Booktitle = {Complexity of Computer Computations},
	Date-Added = {2011-05-18 13:25:14 -0500},
	Date-Modified = {2011-05-18 13:26:07 -0500},
	Editor = {E. Miller and J. W. Thatcher},
	Pages = {88--104},
	Publisher = {Plenum Press},
	Title = {Reducibility among combinatorical problems of computer computaions},
	Year = 1972}

@book{gj-cigtn-79,
	Address = {New York, NY},
	Author = {Michael R. Garey and David S. Johnson},
	Date-Added = {2011-05-18 13:24:35 -0500},
	Date-Modified = {2011-05-18 13:24:46 -0500},
	Keywords = {NP-completeness},
	Publisher = {W. H. Freeman},
	Title = {Computers and Intractability: {A} Guide to the Theory of {NP}-Completeness},
	Year = 1979}

@article{t-spasc-86,
	Author = {{\'E}va Tardos},
	Date-Added = {2011-05-18 13:14:06 -0500},
	Date-Modified = {2011-05-18 13:16:57 -0500},
	Journal = {Oper. Res.},
	Number = {2},
	Pages = {250--256},
	Title = {A strongly polynomial algorithm to solve combinatorial linear programs},
	Volume = {34},
	Year = {1986}}

@inproceedings{ks-rpsal-06,
	Author = {Jonathan A. Kelner and Daniel A. Spielman},
	Booktitle = {Proc. 38th Ann. ACM Symp. Theory Comput.},
	Date-Added = {2011-05-18 13:05:35 -0500},
	Date-Modified = {2011-05-18 13:11:28 -0500},
	Pages = {51--60},
	Title = {A randomized polynomial-time simplex algorithm for linear programming},
	Year = {2006}}

@article{k-palp-84,
	Author = {Narendra Karmarkar},
	Date-Added = {2011-05-18 13:00:14 -0500},
	Date-Modified = {2011-05-18 13:01:34 -0500},
	Journal = {Combinatorica},
	Number = {4},
	Pages = {373--395},
	Title = {A new polynomial-time algorithm for linear programming},
	Volume = {4},
	Year = {1984}}

@article{sv-fmerh-00,
	Author = {James A. Sethian and Alexander Vladimirsky},
	Date-Added = {2011-04-24 23:12:26 -0500},
	Date-Modified = {2011-04-24 23:13:45 -0500},
	Journal = {Proc. Nat. Acad. Sci. USA},
	Keywords = {fast marching method, fat triangles},
	Number = {11},
	Pages = {5699--5703},
	Title = {Fast methods for the {Eikonal} and related {Hamilton--Jacobi} equations on unstructured meshes},
	Volume = {97},
	Year = {2000}}

@article{ks-cgpm-98,
	Author = {Ron Kimmel and James A. Sethian},
	Date-Added = {2011-04-24 23:10:40 -0500},
	Date-Modified = {2011-04-24 23:11:49 -0500},
	Journal = {Proc. Nat. Acad. Sci. USA},
	Keywords = {fast marching method, fat triangles},
	Pages = {8431--8435},
	Title = {Computing geodesic paths on manifolds},
	Volume = {95},
	Year = {1998}}

@article{ams-daspw-05,
	Author = {Lyudmil Aleksandrov and Anil Maheshwari and J{\"o}rg-R{\"u}diger Sack},
	Date-Added = {2011-04-24 22:04:30 -0500},
	Date-Modified = {2011-05-08 00:40:04 -0500},
	Journal = {J. ACM},
	Number = {1},
	Pages = {25--53},
	Title = {Determining approximate shortest paths on weighted polyhedral surfaces},
	Volume = {52},
	Year = {2005},
	Bdsk-Url-1 = {http://doi.acm.org/10.1145/1044731.1044733}}

@article{ahsv-aspcp-97,
	Author = {Pankaj K. Agarwal and Sariel Har-Peled and Micha Sharir and Kasturi R. Varadarajan},
	Date-Added = {2011-04-24 22:01:18 -0500},
	Date-Modified = {2011-04-24 22:02:13 -0500},
	Journal = {J. ACM},
	Keywords = {Euclidean shortest paths, approximation algorithms, convex polytopes},
	Number = {4},
	Pages = {567--584},
	Title = {Approximating shortest paths on a convex polytope in three dimensions},
	Volume = {44},
	Year = {1997},
	Bdsk-Url-1 = {http://doi.acm.org/10.1145/263867.263869}}

@inproceedings{ss-otasp-06,
	Author = {Yevgeny Schreiber and Micha Sharir},
	Booktitle = {Proc. 22nd Ann. Symp. Comput. Geom.},
	Date-Added = {2011-04-24 21:57:27 -0500},
	Date-Modified = {2011-09-01 09:56:29 +0000},
	Keywords = {continuous Dijkstra, geodesics, polytope surface, shortest path, shortest path map, unfolding, wavefront},
	Pages = {30--39},
	Title = {An optimal-time algorithm for shortest paths on a convex polytope in three dimensions},
	Year = {2006},
	Bdsk-Url-1 = {http://doi.acm.org/10.1145/1137856.1137862}}

@article{s-otasp-10,
	Author = {Yevgeny Schreiber},
	Date-Added = {2011-04-24 18:42:43 -0500},
	Date-Modified = {2011-04-24 18:43:06 -0500},
	Journal = {Discrete Comput. Geom.},
	Number = {1},
	Pages = {21--53},
	Title = {An Optimal-Time Algorithm for Shortest Paths on Realistic Polyhedra},
	Volume = {43},
	Year = {2010}}

@article{mmp-dgp-87,
	Author = {Joseph S. B. Mitchell and David M. Mount and Christos H. Papadimitriou},
	Date-Added = {2011-04-24 18:27:38 -0500},
	Date-Modified = {2011-04-24 18:27:56 -0500},
	Journal = {SIAM J. Comput.},
	Keywords = {path planning, geodesic distance, shortest paths, polyhedra, Voronoi diagrams, continuous Dijkstra},
	Pages = {647--668},
	Title = {The discrete geodesic problem},
	Volume = 16,
	Year = 1987}

@article{sskgh-feagm-05,
	Author = {Vitaly Surazhsky and Tatiana Surazhsky and Danil Kirsanov and Steven J. Gortler and Hugues Hoppe},
	Date-Added = {2011-04-24 18:25:52 -0500},
	Date-Modified = {2011-04-24 18:26:48 -0500},
	Journal = {ACM Trans. Graph.},
	Keywords = {geodesic distance, shortest path},
	Number = {3},
	Pages = {553--560},
	Title = {Fast exact and approximate geodesics on meshes},
	Volume = {24},
	Year = {2005},
	Bdsk-Url-1 = {http://doi.acm.org/10.1145/1073204.1073228}}

@inproceedings{kn-mcupg-11,
	Address = {Dagstuhl, Germany},
	Annote = {Keywords: planar graph, minimum cut, shortest path, cut cycle},
	Author = {Haim Kaplan and Yahav Nussbaum},
	Booktitle = {Proc. 28th Int. Symp. Theoretical Aspects Comput. Sci.},
	Date-Added = {2011-03-22 16:19:47 -0500},
	Date-Modified = {2011-03-22 16:28:45 -0500},
	Doi = {http://dx.doi.org/10.4230/LIPIcs.STACS.2011.117},
	Editor = {Thomas Schwentick and Christoph D{\"u}rr},
	Pages = {117--128},
	Publisher = {Schloss Dagstuhl--Leibniz-Zentrum f{\"u}r Informatik},
	Series = {Leibniz Int. Proc. Informatics},
	Title = {Minimum $s-t$ cut in undirected planar graphs when the source and the sink are close},
	Url = {http://drops.dagstuhl.de/opus/volltexte/2011/3004},
	Volume = {9},
	Year = {2011},
	Bdsk-Url-1 = {http://drops.dagstuhl.de/opus/volltexte/2011/3004},
	Bdsk-Url-2 = {http://dx.doi.org/10.4230/LIPIcs.STACS.2011.117}}

@inproceedings{p-kpncs-96,
	Author = {Papadopoulou, Evanthia},
	Booktitle = {Proc. 7th Int. Symp. Algorithms Comput.},
	Date-Added = {2010-12-28 16:49:24 -0600},
	Date-Modified = {2010-12-28 16:49:42 -0600},
	Number = {1178},
	Pages = {305--314},
	Publisher = {Springer-Verlag},
	Series = {Lecture Notes Comput. Sci.},
	Title = {$k$-Pairs Non-Crossing Shortest Paths in a Simple Polygon},
	Year = {1996}}

@misc{is-imcmf-10,
	Arxiv = {1011.2843},
	Author = {Giuseppe F. Italiano and Piotr Sankowski},
	Date-Added = {2010-12-01 22:11:48 -0600},
	Date-Modified = {2011-03-22 23:44:54 -0500},
	Howpublished = {Preprint},
	Month = {November},
	Title = {Improved Minimum Cuts and Maximum Flows in Undirected Planar Graphs},
	Year = {2010}}

@misc{w-mcpgt-10,
	Arxiv = {1007.3609},
	Author = {Christian Wolff-Nilsen},
	Date-Added = {2010-12-01 21:51:36 -0600},
	Date-Modified = {2010-12-01 22:32:20 -0600},
	Howpublished = {Preprint},
	Month = {July},
	Title = {Min $st$-Cut of a Planar Graph in {$O(n \log\log n)$} Time},
	Year = {2010}}

@misc{n-pc-10,
	Author = {Yahav Nussbaum},
	Comment = {Error in \cite{jk-mcdpn-92}},
	Date-Added = {2010-12-01 09:23:21 -0600},
	Date-Modified = {2010-12-01 09:23:21 -0600},
	Month = {January},
	Title = {Personal communication},
	Year = {2010}}

@inproceedings{w-srppp-10,
	Author = {Wulff-Nilsen, Christian},
	Booktitle = {Proc. 21st Ann. ACM-SIAM Symp. Discrete Algorithms},
	Date-Added = {2010-11-27 15:23:21 -0600},
	Date-Modified = {2010-12-28 16:14:44 -0600},
	Pages = {756--765},
	Title = {Solving the Replacement Paths Problem for Planar Directed Graphs in {$O(n \log n)$} Time},
	Year = {2010}}

@article{h-panam-08,
	Author = {Dorit S. Hochbaum},
	Date-Added = {2010-11-11 02:08:03 -0600},
	Date-Modified = {2010-11-11 02:08:48 -0600},
	Journal = {Oper. Res.},
	Number = {4},
	Pages = {992--1009},
	Title = {The pseudoflow algorithm: A new algorithm for the maximum flow problem},
	Volume = {58},
	Year = {2008}}

@incollection{hk-ibpcp-56,
	Author = {Alan J. Hoffman and Joseph B. Kruskal},
	Booktitle = {Linear Inequalities and Related Systems},
	Comments = {2010 reprint credits "totally unimodular" to Claude Berge},
	Date-Added = {2010-11-10 23:33:31 -0600},
	Date-Modified = {2011-08-25 14:49:32 +0000},
	Editor = {Harold W. Kuhn and Albert William Tucker},
	Keywords = {total unimodularity},
	Number = {38},
	Pages = {223--246},
	Publisher = {Princeton University Press},
	Series = {Annals of Mathematical Studies},
	Title = {Integral boundary points of convex polyhedra},
	Year = {1956}}

@article{k-sssgt-56,
	Author = {Joseph. B. Kruskal},
	Date-Added = {2010-11-10 00:33:08 -0600},
	Date-Modified = {2010-11-10 00:33:57 -0600},
	Journal = {Proc. Amer. Math. Soc.},
	Number = {1},
	Pages = {48--50},
	Title = {On the Shortest Spanning Subtree of a Graph and the Traveling Salesman Problem},
	Volume = {7},
	Year = {1956}}

@inproceedings{mw-sppgr-10,
	Author = {Shay Mozes and Christian Wulff-Nilsen},
	Booktitle = {Proc. 18th Ann. Europ. Symp. Algorithms},
	Date-Added = {2010-11-09 13:26:07 -0600},
	Date-Modified = {2011-08-08 17:31:10 -0500},
	Number = {6347},
	Pages = {206--217},
	Publisher = {Springer-Verlag},
	Series = {Lecture Notes Comput. Sci.},
	Title = {Shortest paths in planar graphs with real lengths in {$O(n\log^2n/\log\log n)$} time},
	Year = {2010}}

@article{nmn-obmst-01,
	Author = {Jaroslav Ne{\v s}et{\v r}il and Eva Milkov{\'a} and Helena Ne{\v s}et{\v r}ilov{\'a}},
	Date-Added = {2010-11-09 12:40:07 -0600},
	Date-Modified = {2010-11-09 12:41:56 -0600},
	Journal = {Discrete Math.},
	Number = {1--3},
	Pages = {3--36},
	Title = {Otakar {Bor{\r u}vka} on minimum spanning tree problem: Translation of both the 1926 papers, comments, history},
	Volume = {233},
	Year = {2001}}

@article{b-jpm-26,
	Author = {Otakar Bor{\r u}vka},
	Date-Added = {2010-11-09 12:37:57 -0600},
	Date-Modified = {2010-11-09 12:45:44 -0600},
	Journal = {Pr{\'a}ce Moravsk{\'e} P{\v r}{\'\i}rodov{\v e}deck{\'e} Spole{\v c}nosti v Brn{\v e} III},
	Note = {English translation in \cite{nmn-obmst-01}.},
	Pages = {37--58},
	Title = {O jist{\'e}m probl{\'e}mu minim{\'a}ln{\'\i}m [{About} a certain minimal problem]},
	Volume = {3},
	Year = {1926}}

@article{b-proes-26,
	Author = {Otakar Bor{\r u}vka},
	Date-Added = {2010-11-09 12:36:16 -0600},
	Date-Modified = {2010-11-09 12:45:50 -0600},
	Journal = {Elektronick{\'y} Obzor},
	Note = {English translation in \cite{nmn-obmst-01}.},
	Pages = {153--154},
	Title = {P{\v r}{\'\i}sp{\v e}vek k {\v r}e{\v s}en{\'\i} ot{\'a}zky ekonomick{\'e} stavby elektrovodn{\'\i}ch s{\'\i}t{\'\i} [{Contribution} to the solution of a problem of economical construction of electrical networks]},
	Volume = {15},
	Year = {1926}}

@inproceedings{aegh-pkmst-98,
	Author = {Pankaj K. Agarwal and David Eppstein and Leonidas J. Guibas and Monika R. Henzinger},
	Booktitle = {Proc. 39th Ann. IEEE Symp. Theory Comput.},
	Date-Added = {2010-05-12 22:33:45 -0500},
	Date-Modified = {2010-05-12 22:34:47 -0500},
	Pages = {596--205},
	Title = {Parametric and Kinetic Minimum Spanning Trees},
	Year = {1998}}

@article{kk-ggspc-90,
	Author = {Victor Klee and Peter Kleinschmidt},
	Date-Added = {2010-05-12 22:14:25 -0500},
	Date-Modified = {2010-05-12 22:18:20 -0500},
	Journal = {Discrete Comput. Geom.},
	Keywords = {parametric simplex},
	Number = {1},
	Pages = {13--26},
	Title = {Geometry of the {Gass}-{Saaty} parametric cost {LP} algorithm},
	Volume = {5},
	Year = {1990}}

@article{gs-capof-55,
	Author = {S. Gass and T. Saaty},
	Date-Added = {2010-05-12 22:13:39 -0500},
	Date-Modified = {2010-05-12 22:18:08 -0500},
	Journal = {Naval Research Logistics Quarterly},
	Keywords = {parametric simplex},
	Note = {Cited in \cite{kk-ggspc-90}},
	Pages = {39--45},
	Title = {The computational algorithm for the parametric objective function},
	Volume = {2},
	Year = {1955}}

@article{es-mters-76,
	Author = {Mark J. Eisner and Dennis G. Severance},
	Date-Added = {2010-05-12 18:56:40 -0500},
	Date-Modified = {2010-05-12 18:57:50 -0500},
	Journal = {J. Assoc. Comput. Mach.},
	Number = {4},
	Pages = {619--635},
	Title = {Mathematical Techniques for Efficient Record Segmentation in Large Shared Databases},
	Volume = {23},
	Year = {1976}}

@inproceedings{ew-oesm-09,
	Author = {David Eppstein and Kevin A. Wortman},
	Booktitle = {Proc. 11th Workshop on Algorithms and Data Structures},
	Date-Added = {2010-05-12 16:41:06 -0500},
	Date-Modified = {2010-05-12 16:46:36 -0500},
	Number = {5664},
	Pages = {290--301},
	Series = {Lecture Notes Comput. Sci.},
	Title = {Optimal embedding into star metrics},
	Year = {2009}}

@article{lt-stpg-79,
	Author = {Richard J. Lipton and Robert E. Tarjan},
	Date-Added = {2009-10-11 14:52:34 -0500},
	Date-Modified = {2009-10-11 14:53:28 -0500},
	Journal = {SIAM J. Applied Math.},
	Number = {2},
	Pages = {177--189},
	Title = {A separator theorem for planar graphs},
	Volume = {36},
	Year = {1979}}

@inproceedings{e-mfpsp-10,
	Author = {Jeff Erickson},
	Booktitle = {Proc. 21st Ann. ACM-SIAM Symp. Discrete Algorithms},
	Date-Added = {2009-10-01 01:38:24 -0500},
	Date-Modified = {2011-09-01 09:56:19 +0000},
	Pages = {794--804},
	Title = {Maximum Flows and Parametric Shortest Paths in Planar Graphs},
	Year = {2010},
	Bdsk-Url-1 = {http://compgeom.cs.uiuc.edu/~jeffe/pubs/parshort.html}}

@book{ps-coac-98,
	Author = {Christos H. Papadimitriou and Kenneth Steiglitz},
	Date-Added = {2009-07-28 13:41:23 -0500},
	Date-Modified = {2009-07-28 13:46:01 -0500},
	Publisher = {Dover Publications},
	Title = {Combinatorial Optimization: Algorithms and Complexity},
	Year = {1998}}

@article{yn-icems-77,
	Author = {D. B. Yudin and A. S. Nemirovski{\u \i}},
	Date-Added = {2009-07-28 12:55:21 -0500},
	Date-Modified = {2009-07-28 13:05:47 -0500},
	Journal = {Matekon},
	Keywords = {ellipsoid},
	Note = {Translated from \textsl{Ekonomika i Matematicheskie Metody} 12:357--369, 1976. Cited by \cite{bgt-ems-81, gls-gaco-93}.},
	Pages = {25--45},
	Title = {Informational Complexity and Effective Methods of Solution for Convex Extremal Problems},
	Volume = {13},
	Year = {1977}}

@article{yn-eacmp-76,
	Author = {D. B. Yudin and A. S. Nemirovski{\u \i}},
	Date-Added = {2009-07-28 11:05:20 -0500},
	Date-Modified = {2009-07-28 13:05:39 -0500},
	Journal = {Matekon},
	Keywords = {ellipsoid},
	Note = {Translated from \textsl{{\`E}konomika i Matematicheskie Metody} 12:357--369, 1976. Cited by \cite{bgt-ems-81,gls-gaco-93}},
	Number = {2},
	Pages = {3--25},
	Title = {Evaluation of the informational Complexity of mathematical programming Problems},
	Volume = {13},
	Year = {1976--7}}

@article{s-cmsec-77,
	Author = {N. Z. Shor},
	Date-Added = {2009-07-28 11:02:38 -0500},
	Date-Modified = {2009-07-28 13:03:07 -0500},
	Journal = {Cybernetics},
	Keywords = {ellipsoid},
	Note = {Translated from \textsl{Kibernetika} (1):94--95, 1977. Cited in \cite{bgt-ems-81,gls-gaco-93}.},
	Number = {1},
	Pages = {94--96},
	Title = {Cut-off method wth space extension in convex programming problems},
	Volume = {13},
	Year = {1977}}

@article{bgt-ems-81,
	Author = {Robert G. Bland and Donald Goldfarb and Michael J. Todd},
	Date-Added = {2009-07-28 10:58:29 -0500},
	Date-Modified = {2009-07-28 10:59:39 -0500},
	Journal = {Oper. Res.},
	Keywords = {ellipsoid},
	Number = {6},
	Pages = {1039--1091},
	Title = {The Ellipsoid Method: {A} Survey},
	Volume = {29},
	Year = {1981}}

@article{gl-kalp-81,
	Author = {Peter G{\'a}cs and L{\'a}szl{\'o} Lov{\'a}sz},
	Date-Added = {2009-07-28 10:47:28 -0500},
	Date-Modified = {2011-05-23 00:13:28 -0500},
	Journal = {Math. Program. Stud.},
	Keywords = {ellipsoid},
	Pages = {61--68},
	Title = {Khachiyan's algorithm for linear programming},
	Volume = {14},
	Year = {1981}}

@article{k-palp-79,
	Author = {Lenoid G. Khachiyan},
	Date-Added = {2009-07-28 10:35:10 -0500},
	Date-Modified = {2009-07-28 11:00:22 -0500},
	Journal = {Soviet Math. Dokl.},
	Keywords = {ellipsoid},
	Note = {Translated from \textsl{Doklady Akademiia Nauk SSSR} 244:1093--1996, 1979.},
	Number = {1},
	Pages = {191--194},
	Title = {A polynomial algorithm in linear programming},
	Volume = {20},
	Year = {1979}}

@article{t-epnsa-91,
	Author = {Robert E. Tarjan},
	Date-Added = {2009-07-06 08:47:57 -0500},
	Date-Modified = {2009-07-06 08:48:40 -0500},
	Journal = {Math. Oper. Res.},
	Number = {2},
	Pages = {272--291},
	Title = {Efficiency of the primal network simplex algorithm for the minimum-cost circulation problem},
	Volume = {16},
	Year = {1991}}

@article{gt-fmccc-89,
	Author = {Andrew V. Goldberg and Robert E. Tarjan},
	Date-Added = {2009-07-06 05:41:17 -0500},
	Date-Modified = {2009-07-06 05:42:11 -0500},
	Journal = {J. Assoc. Comput. Mach.},
	Number = {4},
	Pages = {873--886},
	Title = {Finding minimum-cost circulations by cancalling negative cycles},
	Volume = {36},
	Year = {1989}}

@article{b-tpgt-57,
	Author = {Claude Berge},
	Date-Added = {2009-07-06 04:26:39 -0500},
	Date-Modified = {2009-07-06 04:27:31 -0500},
	Journal = {Proc. Nat. Acad. Sci.},
	Pages = {842--844},
	Title = {Two problems in graph theory},
	Volume = {43},
	Year = {1957}}

@incollection{kn-fpgsr-93,
	Author = {Samir Khuller and Joseph Naor},
	Booktitle = {Planar Graphs},
	Date-Added = {2009-07-06 04:09:31 -0500},
	Date-Modified = {2009-07-06 04:13:05 -0500},
	Editor = {William T. Trotter},
	Pages = {59--84},
	Publisher = {AMS},
	Series = {DIMACS Series in Discrete Math and Theoretical Computer Science},
	Title = {Flow in planar graphs: A survey of recent results},
	Volume = {9},
	Year = {1993}}

@article{w-pg-33,
	Author = {Hassler Whitney},
	Date-Added = {2009-07-04 11:59:44 -0500},
	Date-Modified = {2009-07-04 12:07:14 -0500},
	Journal = {Fundamenta mathematicae},
	Pages = {73--84},
	Title = {Planar graphs},
	Volume = {21},
	Year = {1933}}

@book{s-ignd-29,
	Address = {London},
	Author = {Duncan M. Y. Sommerville},
	Date-Added = {2009-07-04 11:54:38 -0500},
	Date-Modified = {2009-07-04 11:58:54 -0500},
	Note = {Republished by Dover, 1958.},
	Publisher = {Methuen \& Co. Ltd},
	Title = {An Introduction to the Geometry of $N$ Dimensions},
	Year = {1929}}

@article{knk-lsfpg-93,
	Author = {Samir Khuller and Joseph Naor and Philip Klein},
	Date-Added = {2009-07-01 01:52:06 -0500},
	Date-Modified = {2009-07-01 01:53:16 -0500},
	Journal = {SIAM J. Discrete Math.},
	Pages = {477--490},
	Title = {The lattice structure of flow in planar graphs},
	Year = {1993}}

@article{ggt-udtns-91,
	Author = {Andrew V. Goldberg and Michael D. Grigoriadis and Robert E. Tarjan},
	Date-Added = {2009-07-01 01:37:52 -0500},
	Date-Modified = {2009-07-01 01:42:02 -0500},
	Journal = {Math. Program.},
	Pages = {277--290},
	Title = {Use of dynamic trees in a network simplex algorithm for the maximum flow problem},
	Volume = {50},
	Year = {1991}}

@article{ms-lbspp-01,
	Author = {Ketan Mulmuley and Pradyut Shah},
	Date-Added = {2009-07-01 00:08:33 -0500},
	Date-Modified = {2009-07-01 00:09:24 -0500},
	Journal = {J. Comput. Syst. Sci.},
	Number = {2},
	Pages = {253--267},
	Title = {A lower bound for the shortest path problem},
	Volume = {63},
	Year = {2001},
	Bdsk-File-1 = {YnBsaXN0MDDUAQIDBAUGJCVYJHZlcnNpb25YJG9iamVjdHNZJGFyY2hpdmVyVCR0b3ASAAGGoKgHCBMUFRYaIVUkbnVsbNMJCgsMDxJXTlMua2V5c1pOUy5vYmplY3RzViRjbGFzc6INDoACgAOiEBGABIAFgAdccmVsYXRpdmVQYXRoWWFsaWFzRGF0YV8QWC4uL1dvcmsvUmVzZWFyY2gvT3RoZXJzJyBQYXBlcnMvU2hvcnRlc3QgUGF0aHMvUGFyYW1ldHJpYy9NdWxtdWxleS1TaGFoLWxvd2VyLWJvdW5kcy5wZGbSFwsYGVdOUy5kYXRhTxECQAAAAAACQAACAAAJSG9pUG9sbG9pAAAAAAAAAAAAAAAAAAAAAAAAxTle80grAAAAFY8MHk11bG11bGV5LVNoYWgtbG93ZXItYm91bmRzLnBkZgAAAAAAAAAAAAAAAAAAAAAAAAAAAAAAAAAAAAAAAAAAAAAw0wrGZnNEUERGIAAAAAAAAQAGAAAJIAAAAAAAAAAAAAAAAAAAAApQYXJhbWV0cmljABAACAAAxTmzUwAAABEACAAAxma5lAAAAAEAIAAVjwwAEOQPABDjfwAQh9kAEHGPAAxPWwAMT0QAAHwTAAIAfEhvaVBvbGxvaTpVc2VyczpqZWZmZXJpY2tzb246RG9jdW1lbnRzOldvcms6UmVzZWFyY2g6T3RoZXJzJyBQYXBlcnM6U2hvcnRlc3QgUGF0aHM6UGFyYW1ldHJpYzpNdWxtdWxleS1TaGFoLWxvd2VyLWJvdW5kcy5wZGYADgA+AB4ATQB1AGwAbQB1AGwAZQB5AC0AUwBoAGEAaAAtAGwAbwB3AGUAcgAtAGIAbwB1AG4AZABzAC4AcABkAGYADwAUAAkASABvAGkAUABvAGwAbABvAGkAEgByVXNlcnMvamVmZmVyaWNrc29uL0RvY3VtZW50cy9Xb3JrL1Jlc2VhcmNoL090aGVycycgUGFwZXJzL1Nob3J0ZXN0IFBhdGhzL1BhcmFtZXRyaWMvTXVsbXVsZXktU2hhaC1sb3dlci1ib3VuZHMucGRmABMAAS8AABUAAgAT//8AAIAG0hscHR5aJGNsYXNzbmFtZVgkY2xhc3Nlc11OU011dGFibGVEYXRhox0fIFZOU0RhdGFYTlNPYmplY3TSGxwiI1xOU0RpY3Rpb25hcnmiIiBfEA9OU0tleWVkQXJjaGl2ZXLRJidUcm9vdIABAAgAEQAaACMALQAyADcAQABGAE0AVQBgAGcAagBsAG4AcQBzAHUAdwCEAI4A6QDuAPYDOgM8A0EDTANVA2MDZwNuA3cDfAOJA4wDngOhA6YAAAAAAAACAQAAAAAAAAAoAAAAAAAAAAAAAAAAAAADqA==}}

@article{g-pccpp-83,
	Author = {Dan Gusfield},
	Date-Added = {2009-06-30 23:46:16 -0500},
	Date-Modified = {2009-06-30 23:48:21 -0500},
	Journal = {J. Assoc. Comput. Mach.},
	Number = {3},
	Pages = {551--563},
	Title = {Parametric Combinatorial Computing and a Problem of Program Module Distribution},
	Volume = {30},
	Year = {1983}}

@techreport{g-saco-80,
	Address = {Berkeley, CA},
	Author = {Dan Gusfield},
	Date-Added = {2009-06-30 23:38:14 -0500},
	Date-Modified = {2009-06-30 23:40:29 -0500},
	Institution = {Electronics Research Laboratory},
	Note = {Cited in \cite{c-cspin-83,c-csppl-83}},
	Number = {UCB/ERL M80/22},
	Title = {Sensitivity analysis for combinatorial optimization},
	Type = {Memorandum},
	Year = {1980}}

@article{c-cspin-83,
	Author = {Patricia J. Carstensen},
	Date-Added = {2009-06-30 23:30:00 -0500},
	Date-Modified = {2009-06-30 23:32:16 -0500},
	Journal = {Math. Program.},
	Pages = {64--75},
	Title = {Complexity of some parametric integer and network programming problems},
	Volume = {26},
	Year = {1983},
	Bdsk-File-1 = {YnBsaXN0MDDUAQIDBAUGJCVYJHZlcnNpb25YJG9iamVjdHNZJGFyY2hpdmVyVCR0b3ASAAGGoKgHCBMUFRYaIVUkbnVsbNMJCgsMDxJXTlMua2V5c1pOUy5vYmplY3RzViRjbGFzc6INDoACgAOiEBGABIAFgAdccmVsYXRpdmVQYXRoWWFsaWFzRGF0YV8QSC4uL1dvcmsvUmVzZWFyY2gvT3RoZXJzJyBQYXBlcnMvU2hvcnRlc3QgUGF0aHMvQ2Fyc3RlbnNlbi1wYXJhbWV0cmljLnBkZtIXCxgZV05TLmRhdGFPEQIWAAAAAAIWAAIAAAlIb2lQb2xsb2kAAAAAAAAAAAAAAAAAAAAAAADFOV7zSCsAAAAQ5A8ZQ2Fyc3RlbnNlbi1wYXJhbWV0cmljLnBkZgAAAAAAAAAAAAAAAAAAAAAAAAAAAAAAAAAAAAAAAAAAAAAAAAAAABDkFMSEEdpQREYgAAAAAAABAAUAAAkgAAAAAAAAAAAAAAAAAAAADlNob3J0ZXN0IFBhdGhzABAACAAAxTmzUwAAABEACAAAxIRYKgAAAAEAHAAQ5A8AEON/ABCH2QAQcY8ADE9bAAxPRAAAfBMAAgBsSG9pUG9sbG9pOlVzZXJzOmplZmZlcmlja3NvbjpEb2N1bWVudHM6V29yazpSZXNlYXJjaDpPdGhlcnMnIFBhcGVyczpTaG9ydGVzdCBQYXRoczpDYXJzdGVuc2VuLXBhcmFtZXRyaWMucGRmAA4ANAAZAEMAYQByAHMAdABlAG4AcwBlAG4ALQBwAGEAcgBhAG0AZQB0AHIAaQBjAC4AcABkAGYADwAUAAkASABvAGkAUABvAGwAbABvAGkAEgBiVXNlcnMvamVmZmVyaWNrc29uL0RvY3VtZW50cy9Xb3JrL1Jlc2VhcmNoL090aGVycycgUGFwZXJzL1Nob3J0ZXN0IFBhdGhzL0NhcnN0ZW5zZW4tcGFyYW1ldHJpYy5wZGYAEwABLwAAFQACABP//wAAgAbSGxwdHlokY2xhc3NuYW1lWCRjbGFzc2VzXU5TTXV0YWJsZURhdGGjHR8gVk5TRGF0YVhOU09iamVjdNIbHCIjXE5TRGljdGlvbmFyeaIiIF8QD05TS2V5ZWRBcmNoaXZlctEmJ1Ryb290gAEACAARABoAIwAtADIANwBAAEYATQBVAGAAZwBqAGwAbgBxAHMAdQB3AIQAjgDZAN4A5gMAAwIDBwMSAxsDKQMtAzQDPQNCA08DUgNkA2cDbAAAAAAAAAIBAAAAAAAAACgAAAAAAAAAAAAAAAAAAANu}}

@phdthesis{c-csppl-83,
	Author = {Patricia June Carstensen},
	Date-Added = {2009-06-30 23:26:01 -0500},
	Date-Modified = {2009-06-30 23:29:52 -0500},
	School = {Dept. of Mathematics, Univ. of Michigan},
	Title = {The complexity of some problems in parametric, linear, and combinatorial programming},
	Type = {{Ph.D.} thesis},
	Year = {1983}}

@article{yto-fpspm-91,
	Author = {Neal E. Young and Robert E. Tarjan and James B. Orlin},
	Date-Added = {2009-06-30 23:22:52 -0500},
	Date-Modified = {2009-06-30 23:25:16 -0500},
	Journal = {Networks},
	Number = {2},
	Pages = {205--221},
	Read = {Yes},
	Title = {Faster parametric shortest path and minimum balance algorithms},
	Volume = {21},
	Year = {1991}}

@article{ko-pspaa-81,
	Author = {Richard M. Karp and James B. Orlin},
	Date-Added = {2009-06-30 23:22:03 -0500},
	Date-Modified = {2009-06-30 23:22:50 -0500},
	Journal = {Discrete Appl. Math.},
	Pages = {37--45},
	Title = {Parametric shortest path algorithms with an application to cyclic staffing},
	Volume = {3},
	Year = {1981}}

@article{j-easps-77,
	Author = {Donald B. Johnson},
	Date-Added = {2009-06-30 01:02:43 -0500},
	Date-Modified = {2009-06-30 01:03:41 -0500},
	Journal = {J. Assoc. Comput. Mach.},
	Number = {1},
	Pages = {1--13},
	Title = {Efficient algorithms for shortest paths in sparse networks},
	Volume = {24},
	Year = {1977}}

@techreport{f-nft-56,
	Author = {Lester R. Ford},
	Date-Added = {2009-06-30 00:20:08 -0500},
	Date-Modified = {2009-06-30 00:59:24 -0500},
	Institution = {The RAND Corporation, Santa Monica, California},
	Note = {Cited in \cite{s-hco-05}},
	Number = {P-923},
	Title = {Network Flow Theory},
	Type = {Paper},
	Year = {August 14, 1956}}

@article{kmw-spdpg-09,
	Author = {Philip Klein and Shay Mozes and Oren Weimann},
	Date-Added = {2009-03-19 03:10:39 -0500},
	Date-Modified = {2010-11-09 13:24:29 -0600},
	Journal = {ACM Trans. Algorithms},
	Number = {2},
	Pages = {article 30},
	Title = {Shortest paths in directed planar graphs with negative lengths: {A} linear-space {$O(n\log^2 n)$}-time Algorithm},
	Volume = {6},
	Year = {2010},
	Bdsk-Url-1 = {http://www.cs.brown.edu/~shay/SP.pdf}}

@inproceedings{bbv-sfn-00,
	Author = {Therese C. Biedl and Bro{\v n}a Brejov{\'a} and Tom{\'a}{\v s} Vina{\v r}},
	Booktitle = {Proc. 25th Symp. Math. Found. Comput. Sci.},
	Date-Added = {2009-03-19 02:40:24 -0500},
	Date-Modified = {2009-03-19 02:47:58 -0500},
	Number = {1893},
	Pages = {192--201},
	Publisher = {Springer-Verlag},
	Series = {Lecture Notes Comput. Sci.},
	Title = {Simplifying Flow Networks},
	Year = {2000}}

@article{tm-spltm-09,
	Author = {Siamak Tazari and Matthias M{\"u}ller-Hannemann},
	Date-Added = {2009-03-18 22:25:37 -0500},
	Date-Modified = {2009-03-18 22:25:37 -0500},
	Journal = {Discrete Appl. Math.},
	Pages = {673--684},
	Title = {Shortest paths in linear time on minor-closed graph classes, with an application to {Steiner} tree approximation},
	Volume = {157},
	Year = {2009}}

@inproceedings{bdt-ptass-09,
	Author = {Glencora Borradaile and Erik D. Demaine and Siamak Tazari},
	Booktitle = {Proc. 26th Int. Symp. Theoretical Aspects Comput. Sci.},
	Date-Added = {2009-03-18 22:21:15 -0500},
	Date-Modified = {2009-03-18 22:21:39 -0500},
	Pages = {171--182},
	Series = {Dagstuhl Seminar Proceedings},
	Title = {Polynomial-Time Approximation Schemes for Subset-Connectivity Problems in Bounded-Genus Graphs},
	Url = {http://drops.dagstuhl.de/opus/volltexte/2009/1835/},
	Year = {2009},
	Bdsk-Url-1 = {http://drops.dagstuhl.de/opus/volltexte/2009/1835/}}

@article{st-dsdt-83,
	Author = {Daniel D. Sleator and Robert Endre Tarjan},
	Date-Added = {2009-03-14 09:22:00 +0100},
	Date-Modified = {2009-03-14 09:22:00 +0100},
	Journal = {J. Comput. Syst. Sci.},
	Number = {3},
	Pages = {362--391},
	Title = {A data structure for dynamic trees},
	Volume = {26},
	Year = {1983}}

@article{k-palp-80,
	Author = {Leonid G. Khachiyan},
	Date-Added = {2008-12-12 04:05:46 -0600},
	Date-Modified = {2009-07-28 11:00:18 -0500},
	Journal = {USSR Comp. Math. and Math. Phys.},
	Keywords = {ellipsoid},
	Note = {Translated from \textsl{Zhurnal Vychisditel'noi Matematiki i Matematicheskoi Fiziki} 20:51--68, 1980.},
	Pages = {53--72},
	Title = {Polynomial Algorithms in Linear Programming},
	Volume = {20},
	Year = {1980}}

@article{s-mtmca-90,
	Author = {Yossi Shiloach},
	Date-Added = {2008-12-11 18:52:34 -0600},
	Date-Modified = {2008-12-11 18:53:07 -0600},
	Journal = {SIAM J. Comput.},
	Number = {2},
	Pages = {219--224},
	Title = {A multi-terminal minimum cut algorithm for planar graphs},
	Volume = {9},
	Year = {1990}}

@article{g-vsmap-90,
	Author = {Dan Gusfield},
	Date-Added = {2008-12-11 18:50:42 -0600},
	Date-Modified = {2008-12-11 18:51:23 -0600},
	Journal = {SIAM J. Comput.},
	Number = {1},
	Pages = {143--155},
	Title = {Very simple methods for all pairs network flow analysis},
	Volume = {19},
	Year = {1990}}

@article{g-saspp-95,
	Author = {Andrew V. Goldberg},
	Date-Added = {2008-12-11 18:24:32 -0600},
	Date-Modified = {2008-12-11 18:24:45 -0600},
	Journal = {SIAM Journal on Computing},
	Number = {3},
	Pages = {494--504},
	Title = {Scaling Algorithms for the Shortest Paths Problem},
	Volume = {24},
	Year = {1995},
	Bdsk-Url-1 = {http://link.aip.org/link/?SMJ/24/494/1},
	Bdsk-Url-2 = {http://dx.doi.org/10.1137/S0097539792231179}}

@article{gh-mtnf-61,
	Author = {R. E. Gomory and T. C. Hu},
	Date-Added = {2008-12-11 01:30:35 -0600},
	Date-Modified = {2008-12-11 01:33:26 -0600},
	Journal = {J. Soc. Indust. Appl. Math.},
	Number = {4},
	Pages = {551--570},
	Title = {Multi-terminal network flows},
	Volume = {9},
	Year = {1961}}

@incollection{d-asmtp-51,
	Author = {George B. Dantzig},
	Booktitle = {Activity Analysis of Production and Allocation},
	Chapter = {XXIII},
	Date-Added = {2008-12-10 01:07:45 -0600},
	Date-Modified = {2008-12-10 01:13:45 -0600},
	Editor = {T. C. Koopmans},
	Pages = {359--373},
	Publisher = {John Wiley \& Sons},
	Title = {Application of the simplex method to a transportation problem},
	Year = {1951}}

@book{ny-pcmeo-83,
	Author = {A. S. Nemirovsky and D. B. Yudin},
	Date-Added = {2008-12-09 16:31:33 -0600},
	Date-Modified = {2009-07-28 10:55:13 -0500},
	Publisher = {John Wiley \& Sons},
	Title = {Problem Complexity and Method Efficiency in Optimization},
	Year = {1983}}

@article{ct-fmst-76,
	Author = {David R. Cheriton and Robert Endre Tarjan},
	Date-Added = {2008-12-07 22:36:37 -0600},
	Date-Modified = {2008-12-07 22:38:38 -0600},
	Journal = {SIAM J. Comput.},
	Pages = {724--742},
	Title = {Finding minimum spannig trees},
	Volume = {5},
	Year = {1976}}

@inproceedings{bkk-ptass-07,
	Author = {Glencora Borradaile and Claire Kenyon-Mathieu and Philip N. Klein},
	Booktitle = {Proc. 18th Ann. ACM-SIAM Symp. Discrete Algorithms},
	Date-Added = {2008-11-30 14:03:18 -0600},
	Date-Modified = {2008-11-30 14:03:18 -0600},
	Keywords = {graphs},
	Pages = {1285--1294},
	Title = {A polynomial-time approximation scheme for {Steiner} tree in planar graphs},
	Year = {2007}}

@inproceedings{cfn-dnlta-04,
	Author = {Parinya Chalermsook and Jittat Fakcharoenphol and Danupon Nanongkai},
	Booktitle = {Proc. 15th Ann. ACM-SIAM Symp. Discrete Algorithms},
	Date-Added = {2008-11-25 11:57:40 -0600},
	Date-Modified = {2008-11-25 12:44:37 -0600},
	Pages = {828--829},
	Title = {A deterministic near-linear time algorithm for finding minimum cuts in planar graphs},
	Year = {2004}}

@article{jk-mcdpn-92,
	Annote = {Minimum (s,t)-cut in a directed planar graph in O(n log^2 n / log log n) time on a word RAM, or O(n log^2 n) time on a real RAM; generalizes Reif's algorithm to directed planar graphs.},
	Author = {Ladislav Janiga and V{\'a}clav Koubek},
	Comment = {Error discovered by Yahav Nussbaum \cite{n-pc-10}},
	Date-Added = {2008-11-25 11:51:41 -0600},
	Date-Modified = {2010-12-01 09:23:44 -0600},
	Journal = {Kybernetika},
	Number = {1},
	Pages = {37--49},
	Title = {Minimum cut in directed planar networks},
	Volume = {28},
	Year = {1992}}

@inproceedings{c-mdpg-06,
	Author = {Sergio Cabello},
	Booktitle = {Proc. 17th Ann. ACM-SIAM Symp. Discrete Algorithms},
	Date-Added = {2008-11-24 13:41:22 -0600},
	Date-Modified = {2008-11-24 13:41:22 -0600},
	Pages = {1213--1220},
	Title = {Many distances in planar graphs},
	Year = {2006}}

@article{mvv-memi-87,
	Author = {Ketan Mulmuley and Umesh Vazirani and Vijay Vazirani},
	Date-Added = {2008-11-24 13:37:05 -0600},
	Date-Modified = {2008-11-24 13:37:05 -0600},
	Journal = {Combinatorica},
	Pages = {105--113},
	Title = {Matching is as easy as matrix inversion},
	Volume = 7,
	Year = 1987}

@incollection{jp-cctsp-85,
	Address = {New York},
	Author = {David S. Johnson and Christos H. Papadimitriou},
	Booktitle = {The Traveling Salesman Problem},
	Date-Added = {2008-11-24 13:35:37 -0600},
	Date-Modified = {2008-11-24 13:35:55 -0600},
	Editor = {E. Lawler and J. Lenstra and A. Rinnooy Kan and D. Shmoys},
	Pages = {68--74},
	Publisher = {John Wiley \& Sons},
	Title = {Computational complexity and the traveling salesman problem},
	Update = {95.09 mitchell},
	Year = 1985}

@article{er-ccmsp-93,
	Author = {Peter Eades and David Rappaport},
	Date-Added = {2008-11-24 13:34:58 -0600},
	Date-Modified = {2008-11-24 13:34:58 -0600},
	Doi = {http://dx.doi.org/10.1016/0167-8655(93)90140-9},
	Issn = {0167-8655},
	Journal = {Pattern Recogn. Lett.},
	Number = 9,
	Pages = {715--718},
	Title = {The complexity of computing minimum separating polygons},
	Volume = 14,
	Year = 1993,
	Bdsk-Url-1 = {http://dx.doi.org/10.1016/0167-8655(93)90140-9}}

@article{ch-spp1c-96,
	Author = {Jindong Chen and Yijie Han},
	Date-Added = {2008-11-24 13:34:44 -0600},
	Date-Modified = {2008-11-24 13:34:44 -0600},
	Journal = {Int. J. Comput. Geom. Appl.},
	Number = 2,
	Pages = {127--144},
	Title = {Shortest paths on a polyhedron, part {I}: {Computing} shortest paths},
	Volume = 6,
	Year = 1996}

@article{tsn-snppg-96,
	Author = {Jun-Ya Takahashi and Hitoshi Suzuki and Takao Nishizeki},
	Date-Added = {2008-11-24 13:22:51 -0600},
	Date-Modified = {2008-11-24 13:34:02 -0600},
	Journal = {Algorithmica},
	Pages = {339--357},
	Title = {Shortest noncrossing paths in plane graphs},
	Volume = 16,
	Year = 1996}

@book{s-cape-03,
	Author = {Alexander Schrijver},
	Date-Added = {2008-11-17 22:13:12 -0600},
	Date-Modified = {2011-05-24 10:41:49 -0500},
	Keywords = {textbook},
	Number = {24},
	Publisher = {Springer-Verlag},
	Series = {Algorithms and Combinatorics},
	Title = {Combinatorial Optimization: Polyhedra and Efficiency},
	Year = {2003}}

@book{amo-nftaa-93,
	Author = {Ravindra K. Ahuja and Thomas L. Magnanti and James Orlin},
	Date-Added = {2008-11-17 22:12:22 -0600},
	Date-Modified = {2011-05-24 10:42:03 -0500},
	Keywords = {textbook},
	Publisher = {Prentice Hall},
	Title = {Network Flows: Theory, Algorithms, and Applications},
	Year = {1993}}

@inproceedings{v-slpfm-89,
	Author = {Pravin M. Vaidya},
	Booktitle = {Proc. 30th IEEE Symp. Found. Comput. Sci.},
	Date-Added = {2008-11-16 23:21:00 -0600},
	Date-Modified = {2008-11-16 23:23:03 -0600},
	Pages = {332--337},
	Title = {Speeding-up linear programming using fast matrix multiplication},
	Year = {1989}}

@article{gt-namfp-88,
	Address = {New York, NY, USA},
	Author = {Andrew V. Goldberg and Robert E. Tarjan},
	Date-Added = {2008-11-16 23:07:27 -0600},
	Date-Modified = {2008-11-16 23:12:42 -0600},
	Doi = {http://doi.acm.org/10.1145/48014.61051},
	Journal = {J. Assoc. Comput. Mach.},
	Number = {4},
	Pages = {921--940},
	Title = {A new approach to the maximum-flow problem},
	Volume = {35},
	Year = {1988},
	Bdsk-Url-1 = {http://doi.acm.org/10.1145/48014.61051}}

@phdthesis{v-anf-83,
	Author = {Shankar M. Venkatesan},
	Date-Added = {2008-11-16 21:50:35 -0600},
	Date-Modified = {2008-11-17 15:39:25 -0600},
	Note = {Cited in \cite{jv-ppfn-83}},
	School = {The Pennsylvania State University},
	Title = {Algorithms for network flows},
	Type = {{Ph.D.} thesis},
	Year = {1983}}

@inproceedings{jv-ppfn-83,
	Address = {Los Alamitos, CA, USA},
	Author = {Donald B. Johnson and Shankar M. Venkatesan},
	Booktitle = {Proc. 24th IEEE Symp. Found. Comput. Sci.},
	Date-Added = {2008-11-16 21:45:48 -0600},
	Date-Modified = {2008-11-16 21:48:32 -0600},
	Doi = {http://doi.ieeecomputersociety.org/10.1109/SFCS.1983.44},
	Issn = {0272-5428},
	Pages = {259--264},
	Publisher = {IEEE Computer Society},
	Title = {Partition of planar flow networks (preliminary version)},
	Year = {1983},
	Bdsk-Url-1 = {http://doi.ieeecomputersociety.org/10.1109/SFCS.1983.44}}

@article{gpst-uipmf-92,
	Author = {Andrew V. Goldberg and Serge A. Plotkin and David B. Shmoys and {\'E}va Tardos},
	Bibsource = {DBLP, http://dblp.uni-trier.de},
	Date-Added = {2008-11-15 18:41:54 -0600},
	Date-Modified = {2008-11-15 18:42:16 -0600},
	Journal = {SIAM J. Comput.},
	Number = {1},
	Pages = {140--150},
	Title = {Using Interior-Point Methods for Fast Parallel Algorithms for Bipartite Matching and Related Problems},
	Volume = {21},
	Year = {1992}}

@inproceedings{ii-espap-90,
	Author = {Hiroshi Imai and Kazuo Iwano},
	Booktitle = {Proc. SIGAL Int. Symp. Algorithms},
	Date-Added = {2008-11-15 18:35:14 -0600},
	Date-Modified = {2008-11-15 18:39:33 -0600},
	Number = {450},
	Pages = {21--30},
	Publisher = {Springer-Verlag},
	Series = {Lecture Notes Comput. Sci.},
	Title = {Efficient Sequential and Parallel Algorithms for Planar Minimum Cost Flow},
	Year = {1990}}

@techreport{ak-palrc-91,
	Author = {Y. P. Aneja and S. N. Kabadi},
	Date-Added = {2008-11-15 18:03:49 -0600},
	Date-Modified = {2008-11-15 18:05:32 -0600},
	Institution = {University of Windsor},
	Note = {Cited in \cite{ka-eapof-01}},
	Number = {{W91-03}},
	Title = {Polynomial Algorithms for {Lagrangean} Relaxations in Combinatorial Problems},
	Type = {Faculty of Business Working Paper Series},
	Year = {1991}}

@article{ka-amcff-96,
	Author = {S. N. Kabadi and Y. P. Aneja},
	Date-Added = {2008-11-15 18:02:51 -0600},
	Date-Modified = {2008-11-15 18:03:47 -0600},
	Journal = {Oper. Res. Lett.},
	Pages = {171--176},
	Title = {$\epsilon$-Approximation Minimization of Convex Functions in Fixed Dimension},
	Volume = {18},
	Year = {1996}}

@article{ka-eapof-01,
	Author = {S. N. Kabadi and Y. P. Aneja},
	Date-Added = {2008-11-15 18:01:13 -0600},
	Date-Modified = {2008-11-15 18:02:29 -0600},
	Journal = {Algorithmica},
	Pages = {582--594},
	Title = {Equivalence of $\epsilon$-Approximate Separation and Optimization in Fixed Dimensions},
	Volume = {29},
	Year = {2001}}

@incollection{s-hco-05,
	Author = {Alexander Schrijver},
	Booktitle = {Handbook of Discrete Optimization},
	Date-Added = {2008-11-10 00:19:54 -0600},
	Date-Modified = {2008-11-10 00:21:01 -0600},
	Editor = {K. Aardal and G.L. Nemhauser and R. Weismantel},
	Pages = {1--68},
	Publisher = {Elsevier},
	Title = {On the history of combinatorial optimization (till 1960)},
	Year = {2005}}

@techreport{hr-fmern-55,
	Annote = {T.E. Harris, F.S. Ross, Fundamentals of a Method for Evaluating Rail Net Capacities, Research 
Memorandum RM-1573, The RAND Corporation, Santa Monica, California, [October 24,] 
1955.},
	Author = {T. E. Harris and F. S. Ross},
	Date-Added = {2008-11-10 00:15:29 -0600},
	Date-Modified = {2009-07-06 03:49:05 -0500},
	Institution = {The RAND Corporation, Santa Monica, California},
	Month = {October 24,},
	Note = {Cited in \cite{s-hco-05}},
	Number = {{RM}-1573},
	Title = {Fundamentals of a Method for Evaluating Rail Net Capacities},
	Type = {Memorandum},
	Year = {1955}}

@article{h-mfpn-81,
	Author = {Refael Hassin},
	Date-Added = {2008-11-09 23:50:01 -0600},
	Date-Modified = {2008-11-09 23:50:45 -0600},
	Journal = {Inform. Proc. Lett.},
	Pages = {107},
	Title = {Maximum flow in $(s,t)$ planar networks},
	Volume = {13},
	Year = {1981}}

@inproceedings{bkk-stpg-07,
	Author = {Glencora Borradaile and Claire Kenyon-Mathieu and Philip N. Klein},
	Booktitle = {Proc. 10th Workshop on Algorithms and Data Structures},
	Date-Added = {2008-11-09 23:32:10 -0600},
	Date-Modified = {2010-05-12 16:41:57 -0500},
	Pages = {275--286},
	Title = {Steiner Tree in Planar Graphs: {An} {$O(n \log n)$} Approximation Scheme with Singly-Exponential Dependence on Epsilon},
	Year = {2007}}

@article{e-dtmcg-00,
	Arxiv = {math.CO/9907126},
	Author = {David Eppstein},
	Date-Added = {2008-11-09 23:21:35 -0600},
	Date-Modified = {2008-11-09 23:22:21 -0600},
	Journal = {Algorithmica},
	Pages = {275--291},
	Title = {Diameter and treewidth in minor-closed graph families},
	Volume = {27},
	Year = {2000}}

@article{e-sipgr-99-2,
	Arxiv = {cs.DS/9911003},
	Author = {David Eppstein},
	Date-Added = {2008-11-09 23:20:03 -0600},
	Date-Modified = {2008-11-09 23:21:31 -0600},
	Journal = {J. Graph Algorithms and Applications},
	Number = {3},
	Pages = {1--27},
	Title = {Subgraph isomorphism in planar graphs and related problems},
	Volume = {3},
	Year = {1999}}

@article{b-aancp-94,
	Author = {Brenda S. Baker},
	Date-Added = {2008-11-09 23:15:39 -0600},
	Date-Modified = {2008-11-09 23:16:25 -0600},
	Journal = {J. Assoc. Comput. Mach.},
	Pages = {153--180},
	Title = {Approximation algorithms for {NP}-complete problesm on planar graphs},
	Volume = {41},
	Year = {1994}}

@inproceedings{hw-ltaip-74,
	Author = {John E. Hopcroft and J. K. Wong},
	Booktitle = {Proc. 6th Ann. ACM Symp. Theory Comput.},
	Date-Added = {2008-11-09 23:01:44 -0600},
	Date-Modified = {2011-05-18 13:11:23 -0500},
	Pages = {172--184},
	Title = {Linear time algorithm for isomorphism of planar graphs (preliminary report)},
	Year = {1974}}

@mastersthesis{p-omst-99,
	Author = {Dana Pe'er},
	Date-Added = {2008-11-09 22:50:11 -0600},
	Date-Modified = {2008-11-09 22:56:43 -0600},
	School = {Hebrew University},
	Title = {On Minimum Spanning Trees},
	Url = {http://www.math.ias.edu/~avi/STUDENTS/dpthesis.pdf},
	Year = {1998},
	Bdsk-Url-1 = {http://www.math.ias.edu/~avi/STUDENTS/dpthesis.pdf}}

@article{m-tltam-04,
	Author = {Martin Mare{\v s}},
	Date-Added = {2008-11-09 22:29:09 -0600},
	Date-Modified = {2008-11-09 22:32:59 -0600},
	Journal = {Archivum Mathematicum},
	Number = {3},
	Pages = {315--320},
	Title = {Two linear time algorithms for {MST} on minor closed graph classes},
	Volume = {40},
	Year = {2004}}

@inproceedings{k-msspp-05,
	Author = {Philip Klein},
	Booktitle = {Proc. 16th Ann. ACM-SIAM Symp. Discrete Algorithms},
	Date-Added = {2008-10-29 00:54:32 -0400},
	Date-Modified = {2008-10-29 00:55:13 -0400},
	Pages = {146--155},
	Title = {Multiple-source shortest paths in planar graphs},
	Year = {2005}}

@article{r-mstcp-83,
	Author = {John Reif},
	Date-Added = {2008-10-28 22:29:59 -0400},
	Date-Modified = {2008-10-28 22:32:00 -0400},
	Journal = {SIAM J. Comput.},
	Pages = {71-81},
	Title = {Minimum $s$-$t$ cut of a planar undirected network in {$O(n\log^2 n)$} time},
	Volume = {12},
	Year = {1983}}

@article{hknr-cmfnc-98,
	Author = {Torben Hagerup and Jyrki Katajainen and Naomi Nishimura and Prabhakar Ragde},
	Date-Added = {2008-10-14 08:59:25 -0500},
	Date-Modified = {2008-10-14 09:00:56 -0500},
	Journal = {J. Comput. Syst. Sci.},
	Number = {3},
	Pages = {366--375},
	Title = {Characterizing Multiterminal Flow Networks and Computing Flows in Networks of Small Treewidth},
	Volume = {57},
	Year = {1998}}

@article{w-mstfp-97,
	Author = {Karsten Weihe},
	Date-Added = {2008-10-14 08:30:49 -0500},
	Date-Modified = {2008-11-09 23:39:58 -0600},
	Journal = {J. Comput. Syst. Sci.},
	Number = {3},
	Pages = {454--476},
	Title = {Maximum $(s, t)$-Flows in Planar Networks in {$O(|V|\log|V|)$}-Time},
	Volume = {55},
	Year = {1997}}

@article{w-edstp-97,
	Author = {Karsten Weihe},
	Date-Added = {2008-10-14 08:28:43 -0500},
	Date-Modified = {2008-10-14 08:30:20 -0500},
	Journal = {J. Algorithms},
	Number = {1},
	Pages = {121-138},
	Title = {Edge-disjoint $(s,t)$-paths in undirected planar graphs in linear time},
	Volume = {23},
	Year = {1997}}

@inproceedings{hw-mstfkc-07,
	Author = {Jan M. Hochstein and Karsten Weihe},
	Booktitle = {Proc. 18th Ann. ACM-SIAM Symp. Discrete Algorithms},
	Date-Added = {2008-10-14 08:19:36 -0500},
	Date-Modified = {2008-10-14 08:28:23 -0500},
	Pages = {843--847},
	Title = {Maximum $s$-$t$-flow with $k$ crossings in {$O(k^3n\log n)$} time},
	Year = {2007}}

@incollection{df-mfmct-56,
	Author = {George B. Dantzig and Delbert R. Fulkerson},
	Booktitle = {Linear Inequalities and Related Systems},
	Date-Added = {2008-10-14 00:00:53 -0500},
	Date-Modified = {2008-10-14 00:10:58 -0500},
	Editor = {Harold W. Kuhn and Albert William Tucker},
	Number = {38},
	Pages = {215--221},
	Publisher = {Princeton University Press},
	Series = {Annals of Mathematical Studies},
	Title = {On the Max-Flow Min-Cut Theorem of Networks},
	Year = {1956}}

@article{efs-nmfn-56,
	Author = {P. Elias and A. Feinstein and C. E. Shannon},
	Date-Added = {2008-10-13 23:57:58 -0500},
	Date-Modified = {2008-10-14 00:00:52 -0500},
	Journal = {IRE Trans. Inform. Theory},
	Pages = {117--119},
	Title = {Note on maximum flow through a network},
	Volume = {IT-2},
	Year = {1956}}

@article{ff-mfn-56,
	Author = {Lester R. Ford and Delbert R. Fulkerson},
	Date-Added = {2008-10-13 23:56:31 -0500},
	Date-Modified = {2009-07-06 03:51:31 -0500},
	Journal = {Canadian J. Math.},
	Note = {First published as Research Memorandum RM-1400, The RAND Corporation, Santa Monica, California, November 19, 1954.},
	Number = {399--404},
	Title = {Maximal flow through a network},
	Volume = {8},
	Year = {1956}}

@phdthesis{b-epnfc-08,
	Author = {Glencora Borradaile},
	Date-Added = {2008-09-28 13:22:54 -0500},
	Date-Modified = {2008-09-28 13:26:55 -0500},
	Month = {May},
	School = {Brown University},
	Title = {Exploiting Planarity for Network Flow and Connectivity Problems},
	Url = {http://www.cs.brown.edu/research/pubs/theses/phd/2008/glencora.pdf},
	Year = {2008},
	Bdsk-Url-1 = {http://www.cs.brown.edu/research/pubs/theses/phd/2008/glencora.pdf}}

@inproceedings{bk-tamfd-06,
	Author = {Glencora Borradaile and Philip Klein},
	Booktitle = {Proc. 17th Ann. ACM-SIAM Symp. Discrete Algorithms},
	Date-Added = {2008-09-28 13:20:53 -0500},
	Date-Modified = {2008-11-16 21:53:39 -0600},
	Pages = {524--533},
	Title = {An {$O(n \log n)$}-time algorithm for maximum $st$-flow in a directed planar graph},
	Year = {2006}}

@article{bk-amfdp-09,
	Author = {Glencora Borradaile and Philip Klein},
	Date-Added = {2008-09-28 13:19:09 -0500},
	Date-Modified = {2010-07-05 16:47:49 -0500},
	Journal = {J. ACM},
	Number = {2},
	Pages = {~9:1--30},
	Title = {An {$O(n\log n)$} algorithm for maximum $st$-flow in a directed planar graph},
	Volume = {56},
	Year = {2009},
	Bdsk-Url-1 = {http://www.math.uwaterloo.ca/~glencora/downloads/maxflow-full.pdf}}

@article{d-aspmf-70,
	Author = {E. A. Dinic},
	Date-Added = {2008-08-06 16:26:56 -0500},
	Date-Modified = {2008-08-06 16:31:21 -0500},
	Journal = {Soviet Math. Dokl.},
	Pages = {1277--1280},
	Title = {Algorithm for solution of a problem of maximum flow in networks with power estimation},
	Volume = {11},
	Year = {1970}}

@article{et-nftgc-75,
	Author = {Shimon Even and Robert Endre Tarjan},
	Date-Added = {2008-08-06 16:09:22 -0500},
	Date-Modified = {2008-08-06 16:13:26 -0500},
	Journal = {SIAM J. Comput.},
	Number = {4},
	Pages = {507--518},
	Read = {No},
	Title = {Network flow and testing graph connectivity},
	Volume = {4},
	Year = {1975}}

@article{gr-bfdb-98,
	Author = {Andrew V. Goldberg and Satish Rao},
	Date-Added = {2008-08-06 15:18:30 -0500},
	Date-Modified = {2008-08-06 15:20:49 -0500},
	Journal = {J. ACM},
	Number = {5},
	Pages = {783--797},
	Title = {Beyond the flow decomposition barrier},
	Volume = {45},
	Year = {1998}}

@article{o-fspmc-93,
	Author = {James B. Orlin},
	Date-Added = {2008-08-06 14:54:56 -0500},
	Date-Modified = {2008-08-06 14:57:49 -0500},
	Journal = {Oper. Res.},
	Number = {2},
	Pages = {338--350},
	Title = {A faster strongly polynomial minimum cost flow algorithm},
	Volume = {41},
	Year = {1993}}

@inproceedings{ds-flgfi-08,
	Arxiv = {0803.0988},
	Author = {Samuel I. Diatch and Daniel A. Spielman},
	Booktitle = {Proc. 40th Ann. ACM Symp. Theory Comput.},
	Date-Added = {2008-08-06 14:49:47 -0500},
	Date-Modified = {2011-05-18 13:11:12 -0500},
	Pages = {451--460},
	Title = {Faster lossy generalized flow via interior point algorithms},
	Year = {2008}}

@inproceedings{o-fspmc-88,
	Author = {James B. Orlin},
	Booktitle = {Proc. 20th Ann. ACM Symp. Theory Comput.},
	Date-Added = {2008-08-06 14:47:00 -0500},
	Date-Modified = {2011-05-18 13:11:34 -0500},
	Pages = {377--387},
	Title = {A faster strongly polynomial minimum cost flow algorithm},
	Year = {1988}}

@phdthesis{c-caop-91,
	Author = {Edith Cohen},
	Date-Added = {2008-08-03 00:43:17 -0500},
	Date-Modified = {2011-09-01 09:49:43 +0000},
	Month = {June},
	Note = {Tech. Report STAN-CS-91-1366},
	School = {Dept. Comput. Sci., Stanford Univ.},
	Title = {Combinatorial Algorithms for Optimization Problems},
	Type = {{Ph.D.} thesis},
	Url = {http://oai.dtic.mil/oai/oai?verb=getRecord&metadataPrefix=html&identifier=ADA254553},
	Year = {1991},
	Bdsk-Url-1 = {http://oai.dtic.mil/oai/oai?verb=getRecord&metadataPrefix=html&identifier=ADA254553}}

@article{m-apcad-83,
	Author = {Nimrod Megiddo},
	Date-Added = {2008-08-02 22:49:35 -0500},
	Date-Modified = {2008-08-02 22:50:46 -0500},
	Journal = {J. Assoc. Comput. Mach.},
	Number = {4},
	Pages = {852--865},
	Title = {Applying parallel computation algorithms in the design of serial algorithms},
	Volume = {30},
	Year = {1983}}

@article{f-faspp-87,
	Author = {Greg N. Frederickson},
	Date-Added = {2008-08-01 13:54:43 -0500},
	Date-Modified = {2008-08-01 13:54:53 -0500},
	Journal = {SIAM J. Comput.},
	Number = 6,
	Pages = {1004--1004},
	Title = {Fast algorithms for shortest paths in planar graphs with applications},
	Volume = 16,
	Year = 1987}

@article{hj-oamfu-85,
	Author = {Refael Hassin and Donald B. Johnson},
	Date-Added = {2008-08-01 13:51:11 -0500},
	Date-Modified = {2008-08-01 13:52:44 -0500},
	Journal = {SIAM J. Comput.},
	Number = {3},
	Pages = {612--624},
	Title = {An {$O(n\log^2 n)$} algorithm for maximum flow in undirected planar networks},
	Volume = {14},
	Year = {1985}}

@article{is-mfpn-79,
	Author = {Alon Itai and Yossi Shiloach},
	Date-Added = {2008-08-01 13:49:31 -0500},
	Date-Modified = {2008-08-01 13:50:51 -0500},
	Journal = {SIAM J. Comput.},
	Pages = {135--150},
	Title = {Maximum flow in planar networks},
	Volume = {8},
	Year = {1979}}

@article{lt-apst-80,
	Author = {Richard J. Lipton and Robert Endre Tarjan},
	Date-Added = {2008-08-01 13:40:22 -0500},
	Date-Modified = {2008-08-01 13:41:07 -0500},
	Journal = {SIAM J. Comput.},
	Pages = {615--627},
	Title = {Applications of a planar separator theorem},
	Volume = {9},
	Year = {1980}}

@article{lrt-gnd-79,
	Author = {Richard J. Lipton and Donald J. Rose and Robert Endre Tarjan},
	Date-Added = {2008-08-01 13:38:30 -0500},
	Date-Modified = {2008-08-01 13:40:19 -0500},
	Journal = {SIAM J. Numer. Anal.},
	Pages = {346--358},
	Title = {Generalized nested dissection},
	Volume = {16},
	Year = {1979}}

@article{mn-fpgms-95,
	Author = {Gary L. Miller and Joseph Naor},
	Date-Added = {2008-08-01 13:36:05 -0500},
	Date-Modified = {2011-09-01 10:02:21 +0000},
	Journal = {SIAM J. Comput.},
	Number = {5},
	Pages = {1002--1017},
	Title = {Flow in planar graphs with multiple sources and sinks},
	Volume = {24},
	Year = {1995}}

@article{pr-pndpa-86,
	Author = {Victor Pan and John Reif},
	Date-Added = {2008-07-31 22:46:06 -0500},
	Date-Modified = {2008-08-06 23:05:06 -0500},
	Journal = {Oper. Res. Lett.},
	Number = {4},
	Pages = {177--184},
	Title = {Parallel nested dissection for path algebra problems},
	Volume = {5},
	Year = {1986}}

@article{pr-fepss-93,
	Annote = {Cited by Miller+Noar as a parallel planar shortest-path algorithm.},
	Author = {Victor Y. Pan and John H. Reif},
	Date-Added = {2008-07-31 22:37:03 -0500},
	Date-Modified = {2008-07-31 22:43:13 -0500},
	Journal = {SIAM J. Comput.},
	Number = {6},
	Pages = {1227--1250},
	Title = {Fast and Efficient Parallel Solution of Sparse Linear Systems},
	Volume = {22},
	Year = {1993}}

@article{pr-pcmcp-91,
	Annote = {Cited by Miller+Noar as a parallel planar shortest paths algorithm},
	Author = {Victor Y. Pan and John H. Reif},
	Date-Added = {2008-07-31 22:33:16 -0500},
	Date-Modified = {2008-07-31 22:38:23 -0500},
	Journal = {Inform. Proc. Lett.},
	Pages = {79--83},
	Title = {The parallel computation of minimum cost paths in graphs by stream contraction},
	Volume = {40},
	Year = {1991}}

@article{pr-fespa-89,
	Annote = {Cited by Miller+Noar as a parallel planar shortest-path algorithm.},
	Author = {Victor Y. Pan and John H. Reif},
	Date-Added = {2008-07-31 22:28:30 -0500},
	Date-Modified = {2008-07-31 22:42:56 -0500},
	Journal = {J. Comput. Syst. Sci.},
	Pages = {494--510},
	Title = {Fast and efficient solution of path algebra problems},
	Volume = {38},
	Year = {1989}}

@article{c-epspd-96,
	Author = {Edith Cohen},
	Date-Added = {2008-07-31 15:54:03 -0500},
	Date-Modified = {2008-07-31 15:59:39 -0500},
	Journal = {J. Algorithms},
	Pages = {331--357},
	Title = {Efficient Parallel Shortest-Paths in Digraphs with a Separator Decomposition},
	Volume = {21},
	Year = {1996}}

@article{fr-pgnwe-06,
	Author = {Jittat Fakcharoenphol and Satish Rao},
	Date-Added = {2008-07-31 15:22:49 -0500},
	Date-Modified = {2008-07-31 15:24:42 -0500},
	Journal = {J. Comput. Syst. Sci.},
	Number = {5},
	Pages = {868--889},
	Title = {Planar graphs, negative weight edges, shortest paths, and near linear time},
	Volume = {72},
	Year = {2006}}

@article{glv-ovena-01,
	Author = {Anna Galluccio and Martin Loeb and Jan Vondr{\'a}k},
	Date-Added = {2008-07-31 15:17:51 -0500},
	Date-Modified = {2008-07-31 15:29:04 -0500},
	Journal = {Math. Program., Ser. A},
	Pages = {273--290},
	Title = {Optimization via enumeration: a new algorithm for the {Max Cut} problem},
	Volume = {90},
	Year = {2001}}

@article{cm-acafp-94,
	Author = {Edith Cohen and Nimrod Megiddo},
	Date-Added = {2008-07-31 15:13:07 -0500},
	Date-Modified = {2008-07-31 15:15:19 -0500},
	Journal = {Algorithmica},
	Number = {3},
	Pages = {320--340},
	Title = {Algorithms and complexity analysis for some flow problems},
	Volume = {11},
	Year = {1994}}

@incollection{t-mncff-93,
	Author = {Sivan Toledo},
	Booktitle = {Complexity in Numerical Optimization},
	Date-Added = {2008-07-31 14:55:46 -0500},
	Date-Modified = {2008-08-06 23:10:46 -0500},
	Editor = {Panos M. Pardalos},
	Pages = {429--447},
	Publisher = {World Scientific},
	Title = {Maximizing non-linear concave functions in fixed dimension},
	Year = {1993}}

@article{as-eago-98,
	Author = {Pankaj K. Agarwal and Micha Sharir},
	Date-Added = {2008-07-31 14:49:50 -0500},
	Date-Modified = {2008-07-31 14:52:00 -0500},
	Journal = {ACM Comput. Surv.},
	Pages = {412--458},
	Title = {Efficient algorithms for geometric optimization},
	Volume = {30},
	Year = {1998}}

@article{af-wmsac-96,
	Author = {Richa Agarwala and David Fern{\'a}ndez-Baca},
	Date-Added = {2008-07-31 14:45:00 -0500},
	Date-Modified = {2008-07-31 14:48:44 -0500},
	Journal = {SIAM J. Comput.},
	Pages = {83-99},
	Title = {Weighted multidimensional search and its application to convex optimization},
	Volume = {25},
	Year = {1996}}

@article{npt-usafd-92,
	Author = {Carolyn Haibt Norton and Serge A. Plotkin and {\'E}va Tardos},
	Date-Added = {2008-07-31 14:30:29 -0500},
	Date-Modified = {2008-08-01 13:45:23 -0500},
	Journal = {J. Algorithms},
	Number = {1},
	Pages = {79--98},
	Title = {Using separation algorithms in fixed dimension},
	Volume = {13},
	Year = {1992}}

@article{cm-sptnc-93,
	Author = {Edith Cohen and Nimrod Megiddo},
	Date-Added = {2008-07-31 14:26:18 -0500},
	Date-Modified = {2008-07-31 14:27:41 -0500},
	Journal = {J. Assoc. Comput. Mach.},
	Number = {4},
	Pages = {791--830},
	Title = {Strongly polynomial-time and {NC} algorithms for detecting cycles in periodic graphs},
	Volume = {40},
	Year = {1993}}

@incollection{cm-mcffd-93,
	Author = {Edith Cohen and Nimrod Megiddo},
	Booktitle = {Complexity in Numerical Optimization},
	Date-Added = {2008-07-31 14:23:17 -0500},
	Date-Modified = {2008-07-31 15:02:01 -0500},
	Editor = {Panos M. Pardalos},
	Pages = {74--87},
	Publisher = {World Scientific},
	Title = {Maximizing concave functions in fixed dimension},
	Year = {1993}}

@techreport{ast-emdst-93,
	Author = {Pankaj K. Agarwal and Micha Sharir and Sivan Toledo},
	Date-Added = {2008-07-31 13:23:51 -0500},
	Date-Modified = {2008-07-31 14:22:24 -0500},
	Institution = {Dept. Comp. Sci., Duke Univ.},
	Month = {August},
	Number = {CS-1993-20},
	Title = {An Efficient Multi-Dimensional Searching Technique and Its Applications},
	Type = {Tech. Rep.},
	Url = {ftp://ftp.cs.duke.edu/pub/dist/techreport/1993/1993-20.ps.gz},
	Year = {1993},
	Bdsk-Url-1 = {ftp://ftp.cs.duke.edu/pub/dist/techreport/1993/1993-20.ps.gz}}

@book{gls-gaco-93,
	Author = {Martin Gr{\"o}tschel and L{\'a}szl{\'o} Lov{\'a}sz and Alexander Schrijver},
	Date-Added = {2008-07-23 15:10:33 -0500},
	Date-Modified = {2009-07-28 11:00:51 -0500},
	Edition = {2nd},
	Keywords = {ellipsoid},
	Number = {2},
	Publisher = {Springer-Verlag},
	Series = {Algorithms and Combinatorics},
	Title = {Geometric Algorithms and Combinatorial Optimization},
	Year = {1993}}

@article{gls-emcco-81,
	Author = {Martin Gr{\"o}tschel and L{\'a}szl{\'o} Lov{\'a}sz and Alexander Schrijver},
	Date-Added = {2008-07-19 10:21:06 -0500},
	Date-Modified = {2009-07-28 11:00:03 -0500},
	Journal = {Combinatorica},
	Keywords = {ellipsoid},
	Number = {2},
	Pages = {169--197},
	Title = {The Ellipsoid Method and its Consequences in Combinatorial Optimization},
	Volume = {1},
	Year = {1981}}

@article{hkrs-fspap-97,
	Author = {Monika R. Henzinger and Philip Klein and Satish Rao and Sairam Subramanian},
	Date-Added = {2008-07-19 10:18:31 -0500},
	Date-Modified = {2008-07-19 10:18:31 -0500},
	Journal = {J. Comput. Syst. Sci.},
	Number = {1},
	Pages = {3--23},
	Title = {Faster shortest-path algorithms for planar graphs},
	Volume = {55},
	Year = {1997},
	Bdsk-Url-1 = {http://dx.doi.org/10.1006/jcss.1997.1493}}

@article{d-ntpcg-59,
	Author = {Edsger W. Dijkstra},
	Date-Added = {2008-07-19 10:18:25 -0500},
	Date-Modified = {2008-07-19 10:18:25 -0500},
	Journal = {Numerische Mathematik},
	Pages = {269--271},
	Title = {A Note on Two Problems in Connexion with Graphs},
	Volume = 1,
	Year = 1959}

@article{mrr-edofm-03,
	Author = {S. Thomas McCormick and M. R. Rao and Giovanni Rinaldi},
	Date-Added = {2008-07-19 10:18:04 -0500},
	Date-Modified = {2008-07-19 10:18:04 -0500},
	Journal = {Math. Program., Ser. B},
	Pages = {459--466},
	Title = {Easy and difficult objective functions for max cut},
	Volume = {94},
	Year = {2003}}

@comment{BibDesk Smart Groups{
<?xml version="1.0" encoding="UTF-8"?>
<!DOCTYPE plist PUBLIC "-//Apple//DTD PLIST 1.0//EN" "http://www.apple.com/DTDs/PropertyList-1.0.dtd">
<plist version="1.0">
<array>
	<dict>
		<key>conditions</key>
		<array>
			<dict>
				<key>comparison</key>
				<integer>2</integer>
				<key>key</key>
				<string>Title</string>
				<key>value</key>
				<string>planar</string>
				<key>version</key>
				<string>1</string>
			</dict>
			<dict>
				<key>comparison</key>
				<integer>2</integer>
				<key>key</key>
				<string>Title</string>
				<key>value</key>
				<string>plane</string>
				<key>version</key>
				<string>1</string>
			</dict>
		</array>
		<key>conjunction</key>
		<integer>1</integer>
		<key>group name</key>
		<string>planar</string>
	</dict>
</array>
</plist>
}}
