%% This BibTeX bibliography file was created using BibDesk.
%% http://bibdesk.sourceforge.net/


%% Created for Jeff Erickson at 2015-09-09 12:27:41 -0500 


%% Saved with string encoding Unicode (UTF-8) 



@inproceedings{cgkms-sbstw-15,
	Arxiv = {1503.03105},
	Author = {Chalermsook, Parinya and Goswami, Mayank and Kozma, László and Mehlhorn, Kurt and Saranurak, Thatchaphol},
	Booktitle = {Proc. 23rd Eur. Symp. Algorithms},
	Date-Added = {2015-09-09 17:22:14 +0000},
	Date-Modified = {2015-09-09 17:27:33 +0000},
	Title = {Self-Adjusting Binary Search Trees: {What} Makes Them Tick?},
	Year = {2015, to appear}}

@incollection{i-pdoc-13,
	Author = {Iacono, John},
	Booktitle = {Space-Efficient Data Structures, Streams, and Algorithms},
	Date-Added = {2015-09-09 15:56:04 +0000},
	Date-Modified = {2015-09-09 15:57:17 +0000},
	Editor = {Brodnik, Andrej and López-Ortiz, Alejandro and Raman, Venkatesh and Viola, Alfredo},
	Number = {8066},
	Pages = {236--250},
	Publisher = {Springer-Verlag},
	Series = {Lecture Notes Comput. Sci.},
	Title = {In Pursuit of the Dynamic Optimality Conjecture},
	Year = {2013}}

@inproceedings{bdl-doslb-08,
	Author = {Bose, Prosenjit and Douïeb*, Karim and Langerman, Stefan},
	Booktitle = {Proc. 19th Ann. ACM-SIAM Symp. Discrete Algorithms},
	Date-Added = {2015-09-09 15:50:07 +0000},
	Date-Modified = {2015-09-09 15:50:52 +0000},
	Pages = {1106--1114},
	Read = {1},
	Title = {Dynamic optimality for skip lists and {B}-trees},
	Year = {2008},
	Bdsk-Url-1 = {http://dl.acm.org/citation.cfm?id=1347082.1347203}}

@article{g-strlp-04,
	Author = {Georgakopoulos, George F.},
	Date-Added = {2015-09-09 15:46:21 +0000},
	Date-Modified = {2015-09-09 15:47:21 +0000},
	Journal = {J. Algorithms},
	Number = {1},
	Pages = {64--76},
	Read = {1},
	Title = {Splay Trees: {A} Reweighing Lemma and a Proof of Competitiveness vs. Dynamic Balanced Trees},
	Volume = {51},
	Year = {2004}}

@article{bck-sodsl-03,
	Author = {Blum, Avrim and Chawla*, Shuchi and Kalai*, Adam},
	Date-Added = {2015-09-09 15:43:01 +0000},
	Date-Modified = {2015-09-09 15:44:05 +0000},
	Journal = {Algorithmica},
	Number = {3},
	Pages = {249--260},
	Read = {1},
	Title = {Static Optimality and Dynamic Search-Optimality in Lists and Trees.},
	Volume = {36},
	Year = {2003}}

@inproceedings{at-twbds-00,
	Author = {Andersson, Arne A. and Thorup, Mikkel},
	Booktitle = {Proc. 32nd Ann. ACM Symp. Theory Comput.},
	Date-Added = {2014-07-20 15:25:48 +0000},
	Date-Modified = {2014-07-20 15:25:48 +0000},
	Pages = {335--342},
	Title = {Tight(Er) Worst-case Bounds on Dynamic Searching and Priority Queues},
	Year = {2000}}

@misc{e-tlmfp-13,
	Author = {Eisenstat, David},
	Date-Added = {2013-11-04 21:11:41 +0000},
	Date-Modified = {2013-11-04 21:19:06 +0000},
	Keywords = {code},
	Month = {June},
	Title = {Trickle: Linear-time maximum flow in planar graphs with unit capacities},
	Url = {http://www.davideisenstat.com/trickle/},
	Year = {2013},
	Bdsk-Url-1 = {http://www.davideisenstat.com/trickle/}}

@misc{e-mmspb-13,
	Author = {Eisenstat, David},
	Comments = {C implementation of Cabello-Chambers-Erickson},
	Date-Added = {2013-11-04 21:08:08 +0000},
	Date-Modified = {2013-11-04 21:19:18 +0000},
	Keywords = {code},
	Month = {June},
	Title = {Mississippi: Multiple-source shortest paths and betweenness centrality in planar graphs},
	Url = {http://www.davideisenstat.com/mississippi/},
	Year = {2013},
	Bdsk-Url-1 = {http://www.davideisenstat.com/mississippi/}}

@misc{e-ddtcd-13,
	Author = {Eisenstat, David},
	Comments = {C++ implementation of link-cut trees},
	Date-Added = {2013-11-04 21:02:51 +0000},
	Date-Modified = {2013-11-04 21:19:21 +0000},
	Keywords = {code},
	Month = {October},
	Title = {DTree: {Dynamic} trees à la carte},
	Url = {http://www.davideisenstat.com/dtree/},
	Year = {2013},
	Bdsk-Url-1 = {http://www.davideisenstat.com/dtree/}}

@inproceedings{p-stdsd-08,
	Author = {Pettie, Seth},
	Booktitle = {Proc. 19th Ann. ACM-SIAM Symp. Discrete Algorithms},
	Date-Added = {2013-10-11 16:47:48 +0000},
	Date-Modified = {2013-10-11 16:48:43 +0000},
	Pages = {1115--1124},
	Title = {Splay trees, {Davenport}-{Schinzel} sequences, and the deque conjecture},
	Year = {2008}}

@inproceedings{dhikp-gbst-09,
	Author = {Demaine, Erik D. and Harmon*, Dion and Iacono, John and Kane*, Daniel and Pǎtraşcu, Mihai},
	Booktitle = {Proc. 20th Ann. ACM-SIAM Symp. Discrete Algorithms},
	Date-Added = {2013-10-11 16:45:43 +0000},
	Date-Modified = {2013-10-11 16:49:50 +0000},
	Pages = {496--505},
	Title = {The Geometry of Binary Search Trees},
	Year = {2009}}

@article{g-ctapl-08,
	Author = {Georgakopoulos, George F.},
	Date-Added = {2013-10-11 16:44:09 +0000},
	Date-Modified = {2013-10-11 16:45:42 +0000},
	Journal = {Inform. Proc. Lett.},
	Number = {1},
	Pages = {37--43},
	Title = {Chain-splay trees, or, how to achieve and prove {$\log\log N$}-competitiveness by splaying},
	Volume = {106},
	Year = {2008}}

@article{tw-dtp-09,
	Author = {Tarjan, Robert E. and Werneck, Renato F.},
	Date-Added = {2013-07-05 16:06:48 +0000},
	Date-Modified = {2013-11-03 22:01:30 +0000},
	Journal = {J. Exper. Algorithmics},
	Pages = {Article~5},
	Title = {Dynamic Trees in Practice},
	Volume = {14},
	Year = {2009}}

@article{w-dsorq-85,
	Author = {Willard, Dan E.},
	Comments = {orthogonal emptiness: O(n log n) space, O(log n) query time, pointer machine},
	Date-Added = {2013-01-30 00:39:40 +0000},
	Date-Modified = {2013-01-30 00:43:22 +0000},
	Journal = {SIAM J. Comput.},
	Number = {1},
	Pages = {232--253},
	Title = {New data structures for orthogonal range queries},
	Volume = {14},
	Year = {1985}}

@article{c-fsaqa-86,
	Author = {Chazelle, Bernard},
	Comments = {orthogonal emptiness: O(n log n / log log n) space, O(log n) query time},
	Date-Added = {2013-01-30 00:32:07 +0000},
	Date-Modified = {2013-01-30 00:33:11 +0000},
	Journal = {SIAM J. Comput.},
	Pages = {703--724},
	Title = {Filtering search: a enw approach to query answering},
	Volume = {15},
	Year = {1986}}

@article{c-fadsm-88,
	Author = {Chazelle, Bernard},
	Comments = {orthogonal emptiness: O(n) space, O(log n) query time},
	Date-Added = {2013-01-30 00:18:03 +0000},
	Date-Modified = {2013-01-30 00:31:07 +0000},
	Journal = {SIAM J. Comput.},
	Pages = {427--462},
	Title = {A functional approach to data structures and its use in multidimensional searching},
	Volume = {17},
	Year = {1988}}

@inproceedings{clp-orsr-11,
	Arxiv = {1103.5510},
	Author = {Chan, Timothy M. and Larsen, Kasper Green and Pătraşcu, Mihai},
	Booktitle = {Proc. 27th Ann. Symp. Comput. Geom.},
	Comments = {O(n log log n) space, O(lg lg n) query time [rank space] -or- O(n) space, O(log^eps n) query time},
	Date-Added = {2013-01-29 23:31:58 +0000},
	Date-Modified = {2013-01-30 05:33:52 +0000},
	Pages = {1--10},
	Title = {Orthogonal Range Searching on the {RAM}, revisited},
	Year = {2011}}

@article{c-asdi-88,
	Author = {Chazelle, Bernard},
	Date-Added = {2013-01-29 21:55:12 +0000},
	Date-Modified = {2013-01-29 21:55:12 +0000},
	Journal = {Algorithmica},
	Pages = {205--221},
	Title = {An algorithm for segment-dragging and its implementation},
	Volume = {3},
	Year = {1988}}

@book{clrs-ia-09,
	Author = {Cormen, Thomas H. and Leiseron, Charles E. and Rivest, Ronald L. and Stein, Clifford},
	Date-Added = {2011-05-24 10:44:23 -0500},
	Date-Modified = {2011-05-24 10:46:17 -0500},
	Edition = {3rd},
	Keywords = {textbook},
	Publisher = {MIT Press},
	Title = {Introduction to Algorithms},
	Year = {2009}}

@book{o-ddds-83,
	Author = {Overmars*, Mark H.},
	Date-Added = {2011-01-22 15:07:12 -0600},
	Date-Modified = {2011-01-22 15:07:49 -0600},
	Number = {156},
	Publisher = {Springer-Verlag},
	Series = {Lecture Notes Comput. Sci.},
	Title = {The Design of Dynamic Data Structures},
	Year = {1983}}

@article{b-mbstu-75,
	Author = {Bentley, Jon L.},
	Date-Added = {2011-01-22 15:05:19 -0600},
	Date-Modified = {2011-01-22 15:06:06 -0600},
	Journal = {Communications of the ACM},
	Keywords = {kd-tree},
	Pages = {509--517},
	Title = {Multidimensional binary search trees used for associative searching},
	Volume = {18},
	Year = {1975}}

@article{av-oemim-03,
	Author = {Arge, Lars and Vitter, Jeffrey Scott},
	Date-Added = {2011-01-22 15:01:16 -0600},
	Date-Modified = {2011-01-22 15:02:30 -0600},
	Journal = {SIAM J. Comput.},
	Number = {6},
	Pages = {1488--1508},
	Title = {Optimal external memory interval management},
	Volume = {32},
	Year = {2003}}

@article{a-gbt-99,
	Author = {Andersson, Arne},
	Date-Added = {2011-01-22 15:00:16 -0600},
	Date-Modified = {2011-01-22 15:00:16 -0600},
	Journal = {J.~Algorithms},
	Pages = {1--28},
	Title = {General balanced trees},
	Volume = 30,
	Year = 1999}

@inproceedings{a-iprus-89,
	Author = {Andersson*, Arne},
	Booktitle = {Proc. Workshop on Algorithms and Data Structures},
	Date-Added = {2011-01-22 15:00:16 -0600},
	Date-Modified = {2011-01-22 15:00:16 -0600},
	Pages = {393--402},
	Publisher = {Springer-Verlag},
	Series = {Lecture Notes Comput. Sci.},
	Title = {Improving Partial Rebuilding by Using Simple Balance Criteria},
	Volume = 382,
	Year = 1989}

@inproceedings{bd-sdus-04,
	Author = {B\u{a}diou*, Mihai and Demaine, Erik D.},
	Booktitle = {Proc. 6th Latin American Sympos. Theoretical Informatics},
	Date-Added = {2011-01-22 15:00:16 -0600},
	Date-Modified = {2011-01-22 15:00:16 -0600},
	Pages = {466-473},
	Publisher = {Springer-Verlag},
	Series = {Lecture Notes Comput. Sci.},
	Title = {A Simplified and Dynamic Unified Structure},
	Volume = {2976},
	Year = 2004}

@article{bs-dsp1s-80,
	Author = {Bentley, Jon L. and Saxe*, James B.},
	Date-Added = {2011-01-22 15:00:16 -0600},
	Date-Modified = {2011-01-22 15:00:16 -0600},
	Journal = {J. Algorithms},
	Number = 4,
	Pages = {301--358},
	Title = {Decomposable searching problems {I}: {S}tatic-to-dynamic transformation},
	Volume = 1,
	Year = 1980}

@misc{cd-ads3-05,
	Author = {Cohen*, Jeff and Demaine, Erik},
	Date-Added = {2011-01-22 15:00:16 -0600},
	Date-Modified = {2011-01-22 15:00:16 -0600},
	Month = {February 8},
	Title = {6.897: Advanced Data Structures {(Spring 2005)}, {Lecture 3}},
	Url = {http://theory.csail.mit.edu/classes/6.897/spring05/lec.html},
	Year = {2005},
	Bdsk-Url-1 = {http://theory.csail.mit.edu/classes/6.897/spring05/lec.html}}

@article{cmss-dfcst-00,
	Author = {Cole, Richard and Mishra, Bud and Schmidt, Jeanette and Siegel, Alan},
	Date-Added = {2011-01-22 15:00:16 -0600},
	Date-Modified = {2011-01-22 15:00:16 -0600},
	Journal = {SIAM J. Comput.},
	Number = 1,
	Pages = {1--43},
	Title = {On the Dynamic Finger Conjecture for Splay Trees. {Part I}: {Splay} Sorting $\log n$-Block Sequences},
	Volume = 30,
	Year = 2000}

@article{c-dfcst-00,
	Author = {Cole, Richard},
	Date-Added = {2011-01-22 15:00:16 -0600},
	Date-Modified = {2011-01-22 15:00:16 -0600},
	Journal = {SIAM J. Comput.},
	Number = 1,
	Pages = {44--85},
	Title = {On the Dynamic Finger Conjecture for Splay Trees. {Part II}: {The} proof},
	Volume = 30,
	Year = 2000}

@inproceedings{dhip-doa-04,
	Author = {Demaine, Erik D. and Harmon*, Dion and Iacono, John and P\u{a}tra\c{s}cu**, Mihai},
	Booktitle = {Proc. 45th Ann. IEEE Symp. Foundations Comput. Sci.},
	Date-Added = {2011-01-22 15:00:16 -0600},
	Date-Modified = {2015-09-09 17:25:08 +0000},
	Pages = {484--490},
	Title = {Dynamic Optimality---Almost},
	Year = {2004}}

@techreport{dsw-lbfbs-05,
	Author = {Derryberry*, Jonathan and Sleator, Daniel Dominic and Wang*, Chengwen Chris},
	Date-Added = {2011-01-22 15:00:16 -0600},
	Date-Modified = {2011-01-22 15:00:16 -0600},
	Day = 22,
	Institution = {Carnegie Mellon Univ.},
	Month = nov,
	Number = {CMU-CS-05-187},
	Title = {A Lower Bound Framework for Binary Search Trees with Rotations},
	Url = {http://reports-archive.adm.cs.cmu.edu/anon/2005/CMU-CS-05-187.pdf},
	Year = 2005,
	Bdsk-Url-1 = {http://reports-archive.adm.cs.cmu.edu/anon/2005/CMU-CS-05-187.pdf}}

@inproceedings{gr-st-93,
	Author = {Galperin*, Igal and Rivest, Ronald R.},
	Booktitle = {Proc. 4th Annu. ACM-SIAM Symp. Discrete Algorithms},
	Date-Added = {2011-01-22 15:00:16 -0600},
	Date-Modified = {2015-09-09 17:24:42 +0000},
	Pages = {165--174},
	Title = {Scapegoat trees},
	Year = {1993}}

@inproceedings{i-astlw-01,
	Author = {Iacono*, John},
	Booktitle = {Proc. 12th Annu. ACM-SIAM Symp. Discrete Algorithms},
	Date-Added = {2011-01-22 15:00:16 -0600},
	Date-Modified = {2015-09-09 17:24:50 +0000},
	Pages = {516--522},
	Title = {Alternatives to splay trees with {$O(\log n)$} worst-case access times},
	Year = {2001}}

@article{ol-wcoid-81,
	Author = {Overmars*, Mark H. and van Leeuwen, Jan},
	Date-Added = {2011-01-22 15:00:16 -0600},
	Date-Modified = {2011-01-22 15:00:16 -0600},
	Journal = {Inform. Process. Lett.},
	Pages = {168--173},
	Title = {Worst-case optimal insertion and deletion methods for decomposable searching problems},
	Volume = 12,
	Year = 1981}

@article{st-sabst-85,
	Author = {Sleator, Daniel D. and Tarjan, Robert E.},
	Date-Added = {2011-01-22 15:00:16 -0600},
	Date-Modified = {2011-01-22 15:00:16 -0600},
	Journal = {J. ACM},
	Number = 3,
	Pages = {652--686},
	Title = {Self-Adjusting Binary Search Trees},
	Volume = 32,
	Year = 1985}

@article{s-dcsa-92,
	Author = {Sundar*, Rajamani},
	Date-Added = {2011-01-22 15:00:16 -0600},
	Date-Modified = {2011-01-22 15:00:16 -0600},
	Journal = {Combinatorica},
	Number = 1,
	Pages = {95--124},
	Title = {On the {Deque} conjecture for the splay algorithm},
	Volume = 12,
	Year = 1992}

@article{t-sastt-85,
	Author = {Tarjan, Robert E.},
	Date-Added = {2011-01-22 15:00:16 -0600},
	Date-Modified = {2011-01-22 15:00:16 -0600},
	Journal = {Combinatorica},
	Number = 5,
	Pages = {367--378},
	Title = {Sequential access in splay trees takes linear time},
	Volume = 5,
	Year = 1985}

@book{t-dsna-83,
	Author = {Tarjan, Robert Endre},
	Date-Added = {2011-01-22 15:00:16 -0600},
	Date-Modified = {2011-05-24 10:44:06 -0500},
	Keywords = {textbook},
	Publisher = {SIAM},
	Series = {{CBMS-NSF} Regional Conference Series in Applied Mathematics},
	Title = {Data Structures and Network Algorithms},
	Volume = 44,
	Year = {1983}}

@inproceedings{wds-llcdb-06,
	Author = {Wang*, Chengwen Chris and Derryberry*, Jonathan and Sleator, Daniel Dominic},
	Booktitle = {Proc. 17th Ann. ACM-SIAM Symp. Discrete Algorithms},
	Date-Added = {2011-01-22 15:00:16 -0600},
	Date-Modified = {2015-09-09 17:25:01 +0000},
	Pages = {374--383},
	Title = {{$O(\log \log n)$}-competitive dynamic binary search trees},
	Year = {2006}}

@article{w-lbabs-87,
	Author = {Wilber*, Robert E.},
	Date-Added = {2011-01-22 15:00:16 -0600},
	Date-Modified = {2011-01-22 15:00:16 -0600},
	Journal = {SIAM J. Computing},
	Number = 1,
	Pages = {56--67},
	Title = {Lower Bounds for Accessing Binary Search Trees with Rotations},
	Volume = 18,
	Year = 1987}

@article{dsst-mdsp-89,
	Author = {Driscoll, James R. and Sarnak, Niel and Sleator, Daniel D. and Tarjan, Robert E.},
	Date-Added = {2010-05-14 08:56:21 -0500},
	Date-Modified = {2010-05-14 08:57:51 -0500},
	Journal = {J. Comput. System Sci.},
	Number = {1},
	Pages = {86--123},
	Title = {Making Data Structures Persistent},
	Volume = {38},
	Year = {1989}}

@article{at-opafn-00,
	Author = {Alstrup, Stephen and Thorup, Mikkel},
	Date-Added = {2010-05-12 16:18:50 -0500},
	Date-Modified = {2010-05-12 16:19:16 -0500},
	Journal = {J. Algorithms},
	Number = {2},
	Pages = {169--188},
	Title = {Optimal Pointer Algorithms for Finding Nearest Common Ancestors in Dynamic Trees},
	Volume = {35},
	Year = {2000},
	Bdsk-Url-1 = {http://www.sciencedirect.com/science/article/B6WH3-45FC2S8-X/2/7738e58c4ccf6e12e722c549befbf1df},
	Bdsk-Url-2 = {http://dx.doi.org/10.1006/jagm.2000.1079}}

@article{ggt-udtns-91,
	Author = {Goldberg, Andrew V. and Grigoriadis, Michael D. and Tarjan, Robert E.},
	Date-Added = {2010-05-11 17:50:14 -0500},
	Date-Modified = {2010-05-11 17:50:14 -0500},
	Journal = {Math. Program.},
	Pages = {277--290},
	Title = {Use of dynamic trees in a network simplex algorithm for the maximum flow problem},
	Volume = {50},
	Year = {1991}}

@inproceedings{k-msspp-05,
	Author = {Klein, Philip N.},
	Booktitle = {Proc. 16th Ann. ACM-SIAM Symp. Discrete Algorithms},
	Date-Added = {2010-04-25 23:15:29 -0500},
	Date-Modified = {2010-04-25 23:15:41 -0500},
	Pages = {146--155},
	Title = {Multiple-source shortest paths in planar graphs},
	Year = {2005}}

@inproceedings{a-feim-80,
	Author = {Alt, Helmut},
	Booktitle = {Proc. 7th Int. Colloq. Automata Lang. Prog.},
	Date-Added = {2009-07-27 01:25:49 -0500},
	Date-Modified = {2009-07-27 01:28:13 -0500},
	Number = {85},
	Pages = {30--37},
	Publisher = {Springer},
	Series = {Lecture Notes Comput. Sci.},
	Title = {Functions Equivalent to Integer Multiplication},
	Year = {1980}}

@article{a-cccaf-88,
	Author = {Alt, Helmut},
	Date-Added = {2009-07-27 01:21:07 -0500},
	Date-Modified = {2009-07-27 01:21:37 -0500},
	Journal = {J. Assoc. Comput. Mach.},
	Number = {2},
	Pages = {447--460},
	Title = {Comparing the combinational complexities of arithmetic functions},
	Volume = {35},
	Year = {1988},
	Bdsk-Url-1 = {http://doi.acm.org.proxy2.library.uiuc.edu/10.1145/42282.214084}}

@article{ss-smgz-71,
	Author = {Schönhage, Arnold and Strassen, Volker},
	Date-Added = {2009-07-27 01:18:16 -0500},
	Date-Modified = {2009-07-27 01:19:30 -0500},
	Journal = {Computing},
	Pages = {281--292},
	Title = {Schnelle {Multiplikation} großer {Zahlen}},
	Volume = {7},
	Year = {1971}}

@inproceedings{abhvw-dsaad-04,
	Author = {Acar, Umut A. and Blelloch, Guy E. and Harper, Robert and Vittes, Jorge L. and Woo, Shan Leung Maverick},
	Booktitle = {Proc. 15th Ann. ACM-SIAM Symp. Discrete Algorithms},
	Date-Added = {2009-07-06 05:53:45 -0500},
	Date-Modified = {2009-07-06 05:54:48 -0500},
	Pages = {531--540},
	Title = {Dynamizing static algorithms, with applications to dynamic trees and history independence},
	Year = {2004}}

@article{hk-rfdga-99,
	Author = {Henzinger, Monika R. and King, Valerie},
	Date-Added = {2008-12-10 02:44:28 -0600},
	Date-Modified = {2008-12-10 02:45:16 -0600},
	Journal = {J. ACM},
	Number = {4},
	Pages = {502--516},
	Title = {Randomized fully dynamic graph algorithms with polylogarithmic time per operation},
	Volume = {46},
	Year = {1999}}

@inproceedings{tw-satt-05,
	Author = {Tarjan, Robert E. and Werneck, Renato F.},
	Booktitle = {Proc. 16th Ann. ACM-SIAM Symp. Discrete Algorithms},
	Date-Added = {2008-12-10 02:41:39 -0600},
	Date-Modified = {2008-12-10 02:43:30 -0600},
	Pages = {813--822},
	Title = {Self-adjusting top trees},
	Year = {2005}}

@article{ahlt-mifdt-05,
	Author = {Alstrup, Stephen and Holm, Jacob and {De Lichtenberg}, Kristian and Thorup, Mikkel},
	Date-Added = {2008-12-10 02:38:56 -0600},
	Date-Modified = {2008-12-10 02:41:20 -0600},
	Journal = {ACM Trans. Algorithms},
	Number = {2},
	Pages = {243--264},
	Title = {Maintaining information in fully dynamic trees with top trees},
	Volume = {1},
	Year = {2005}}

@article{bgh-dsmd-99,
	Author = {Basch, Julian and Guibas, Leonidas J. and Hershberger, John},
	Date-Added = {2008-12-09 18:07:00 -0600},
	Date-Modified = {2008-12-09 18:08:06 -0600},
	Journal = {J. Algorithms},
	Number = {1},
	Pages = {1--28},
	Title = {Data Structures for Mobile Data},
	Volume = {31},
	Year = {1999}}

@article{ht-fafnc-84,
	Author = {Harel, Dov and Tarjan, Robert Endre},
	Date-Added = {2008-11-24 13:38:33 -0600},
	Date-Modified = {2008-11-24 13:38:33 -0600},
	Journal = {SIAM J. Comput.},
	Number = 2,
	Pages = {338--355},
	Title = {Fast algorithms for finding nearest common ancestors},
	Volume = 13,
	Year = 1984}

@article{st-dsdt-83,
	Author = {Sleator, Daniel D. and Tarjan, Robert Endre},
	Date-Added = {2008-11-24 13:37:37 -0600},
	Date-Modified = {2008-11-24 13:37:37 -0600},
	Journal = {J. Comput. Syst. Sci.},
	Number = {3},
	Pages = {362--391},
	Title = {A data structure for dynamic trees},
	Volume = {26},
	Year = {1983}}
