%% This BibTeX bibliography file was created using BibDesk.
%% http://bibdesk.sourceforge.net/


%% Created for Kyle Fox at 2013-12-05 10:50:09 -0600 


%% Saved with string encoding Unicode (UTF-8) 



@article{bp-ccc-83b,
	Author = {Scott J. Provan and Michael O. Ball},
	Date-Added = {2013-12-05 16:49:09 +0000},
	Date-Modified = {2013-12-05 16:49:09 +0000},
	Journal = {SIAM Journal of Computing},
	Pages = {777--788},
	Title = {The Complexity of Counting Cuts and of Computing the Probability that a Graph is Connected},
	Volume = {12},
	Year = {1983}}

@article{nsi-cnmcum-91,
	Author = {Hiroshi Nagamoch and Zheng Sun and Toshihide Ibaraki},
	Date-Added = {2013-12-05 16:49:04 +0000},
	Date-Modified = {2013-12-05 16:49:04 +0000},
	Journal = {IEEE Transactions on Reliability},
	Pages = {610--614},
	Title = {Counting the number of minimum cuts in undirected multigraphs},
	Volume = {40},
	Year = {1991}}

@article{lmp-glnmc-96,
	Acmid = {230122},
	Address = {Amsterdam, The Netherlands, The Netherlands},
	Author = {Jen\H{o} Lehel and Fr{\'e}d{\'e}ric Maffray and Myriam Preissmann},
	Date-Added = {2013-12-05 16:48:51 +0000},
	Date-Modified = {2013-12-05 16:48:51 +0000},
	Doi = {10.1016/0166-218X(95)00043-Q},
	Issn = {0166-218X},
	Issue_Date = {March 7, 1996},
	Journal = {Discrete Appl. Math.},
	Month = mar,
	Number = {1-3},
	Numpages = {21},
	Pages = {387--407},
	Publisher = {Elsevier Science Publishers B. V.},
	Title = {Graphs with largest number of minimum cuts},
	Url = {http://dx.doi.org/10.1016/0166-218X(95)00043-Q},
	Volume = {65},
	Year = {1996},
	Bdsk-Url-1 = {http://dx.doi.org/10.1016/0166-218X(95)00043-Q}}

@inproceedings{k-rfptasnr-95,
	Acmid = {225069},
	Address = {New York, NY, USA},
	Author = {David R. Karger},
	Booktitle = {Proc. 27th Ann. ACM Symp. Theory Comput.},
	Date-Added = {2013-12-05 16:48:43 +0000},
	Date-Modified = {2013-12-05 16:48:43 +0000},
	Doi = {10.1145/225058.225069},
	Isbn = {0-89791-718-9},
	Location = {Las Vegas, Nevada, United States},
	Numpages = {7},
	Pages = {11--17},
	Publisher = {ACM},
	Series = {STOC '95},
	Title = {A randomized fully polynomial time approximation scheme for the all terminal network reliability problem},
	Url = {http://doi.acm.org/10.1145/225058.225069},
	Year = {1995},
	Bdsk-Url-1 = {http://doi.acm.org/10.1145/225058.225069},
	Bdsk-Url-2 = {http://dx.doi.org/10.1145/225058.225069}}

@incollection{j-rgcsud-85,
	Affiliation = {University of Edinburgh Department of Computer Science UK UK},
	Author = {Jerrum, Mark},
	Booktitle = {Automata, Languages and Programming},
	Date-Added = {2013-12-05 16:47:52 +0000},
	Date-Modified = {2013-12-05 16:47:52 +0000},
	Editor = {Brauer, Wilfried},
	Isbn = {978-3-540-15650-5},
	Keyword = {Computer Science},
	Note = {10.1007/BFb0015754},
	Pages = {290-299},
	Publisher = {Springer Berlin / Heidelberg},
	Series = {Lecture Notes in Computer Science},
	Title = {Random generation of combinatiorial structures from a uniform distribution},
	Url = {http://dx.doi.org/10.1007/BFb0015754},
	Volume = {194},
	Year = {1985},
	Bdsk-Url-1 = {http://dx.doi.org/10.1007/BFb0015754}}

@article{c-canr-83,
	Author = {Charles J. Colbourn},
	Date-Added = {2013-12-05 16:43:21 +0000},
	Date-Modified = {2013-12-05 16:43:21 +0000},
	Journal = {Annals Operations Research},
	Pages = {1--15},
	Title = {Combinatorial aspects of network reliability},
	Volume = {33},
	Year = {1991}}

@article{cllp-act-05,
	Author = {R.G. Cavalcante and H. Lazary and J.D. Lima and R. Palazzo Jr.},
	Date-Added = {2013-12-05 16:42:34 +0000},
	Date-Modified = {2013-12-05 16:42:34 +0000},
	Journal = {Series in Discret Mathematics an Theorical Computer Science},
	Pages = {145-177},
	Title = {A new approach to the design of digital communication systems},
	Year = {2005}}

@incollection{bv-gcvgt-06,
	Author = {Boykov, Y. and Veksler, O.},
	Booktitle = {Handbook of Mathematical Models in Computer Vision},
	Date-Added = {2013-12-05 16:41:52 +0000},
	Date-Modified = {2013-12-05 16:41:52 +0000},
	Editor = {Paragios, Nikos and Chen, Yunmei and Faugeras, Olivier},
	Isbn = {978-0-387-28831-4},
	Keyword = {Computer Science},
	Pages = {79-96},
	Publisher = {Springer US},
	Title = {Graph Cuts in Vision and Graphics: Theories and Applications},
	Year = {2006}}

@article{bf-csmsw-12,
	Author = {Ivona Bez\'akov\'a and Adam J. Friedlander},
	Date-Added = {2013-12-05 16:41:22 +0000},
	Date-Modified = {2013-12-05 16:41:22 +0000},
	Journal = {Theoret. Comput. Sci.},
	Pages = {2--11},
	Title = {Counting and sampling minimum $(s,t)$-cuts in weighted planar graphs in polynomial time},
	Volume = {417},
	Year = {2012}}

@article{bp-cbrcsn-83,
	Author = {Michael O. Ball and Scott J. Provan},
	Date-Added = {2013-12-05 16:41:08 +0000},
	Date-Modified = {2013-12-05 16:41:08 +0000},
	Journal = {Networks},
	Pages = {253--278},
	Title = {Calculating bounds on reachability and connectedness in stochastic networks},
	Volume = {13},
	Year = {1983}}
