%% This BibTeX bibliography file was created using BibDesk.
%% http://bibdesk.sourceforge.net/


%% Created for Jeff Erickson at 2014-05-22 17:36:03 -0500 


%% Saved with string encoding Unicode (UTF-8) 



@article{ce-fog-13,
	Author = {{Erin Wolf} {Chambers} and {David} {Eppstein}},
	Date-Added = {2014-05-22 22:35:51 +0000},
	Date-Modified = {2014-05-22 22:35:51 +0000},
	Doi = {10.7155/jgaa.00291},
	Journal = {Journal of Graph Algorithms and Applications},
	Number = {3},
	Pages = {201--220},
	Title = {Flows in One-Crossing-Minor-Free Graphs},
	Volume = {17},
	Year = {2013},
	Bdsk-Url-1 = {http://dx.doi.org/10.7155/jgaa.00291}}

@article{r-mstcp-83,
	Author = {John Reif},
	Date-Added = {2014-05-22 22:34:18 +0000},
	Date-Modified = {2014-05-22 22:34:18 +0000},
	Journal = {SIAM J. Comput.},
	Pages = {71-81},
	Title = {Minimum $s$-$t$ cut of a planar undirected network in {$O(n\log^2 n)$} time},
	Volume = {12},
	Year = {1983}}

@article{cce-msspe-13,
	Author = {Sergio Cabello and Erin W. Chambers and Jeff Erickson},
	Date-Added = {2014-05-22 22:33:02 +0000},
	Date-Modified = {2014-05-22 22:33:02 +0000},
	Journal = {SIAM J. Comput.},
	Number = {4},
	Pages = {1542--1571},
	Title = {Multiple-source shortest paths in embedded graphs},
	Volume = {42},
	Year = {2013}}

@article{bk-amfdp-09,
	Author = {Glencora Borradaile and Philip Klein},
	Date-Added = {2014-05-22 22:32:35 +0000},
	Date-Modified = {2014-05-22 22:32:35 +0000},
	Journal = {J. ACM},
	Number = {2},
	Pages = {~9:1--30},
	Title = {An {$O(n\log n)$} algorithm for maximum $st$-flow in a directed planar graph},
	Volume = {56},
	Year = {2009},
	Bdsk-Url-1 = {http://www.math.uwaterloo.ca/~glencora/downloads/maxflow-full.pdf}}

@inproceedings{ls-mcsc-11,
	Author = {Jakub {\L}{\k a}cki and Piotr Sankowski},
	Booktitle = {Proc. 19th Ann. Europ. Symp. Algorithms},
	Date-Added = {2014-05-22 22:31:44 +0000},
	Date-Modified = {2014-05-22 22:32:07 +0000},
	Number = {6942},
	Pages = {155--166},
	Publisher = {Springer},
	Series = {Lecture Notes Comput. Sci.},
	Title = {Min-cuts and Shortest Cycles in Planar Graphs in {$O(n \log \log n)$} Time},
	Year = {2011}}

@inproceedings{insw-iamcmf-11,
	Author = {Giuseppe F. Italiano and Yahav Nussbaum and Piotr Sankowski and Christian Wulff-Nilsen},
	Booktitle = {Proc. 43rd Ann. ACM Symp. Theory Comput.},
	Date-Added = {2014-05-22 22:31:34 +0000},
	Date-Modified = {2014-05-22 22:31:34 +0000},
	Pages = {313--322},
	Title = {Improved algorithms for min cut and max flow in undirected planar graphs},
	Year = {2011}}

@article{hknr-cmfnc-98,
	Author = {Torben Hagerup and Jyrki Katajainen and Naomi Nishimura and Prabhakar Ragde},
	Date-Added = {2014-05-22 22:31:23 +0000},
	Date-Modified = {2014-05-22 22:31:23 +0000},
	Journal = {J. Comput. Syst. Sci.},
	Number = {3},
	Pages = {366--375},
	Title = {Characterizing Multiterminal Flow Networks and Computing Flows in Networks of Small Treewidth},
	Volume = {57},
	Year = {1998}}

@article{is-mfpn-79,
	Author = {Alon Itai and Yossi Shiloach},
	Date-Added = {2014-05-22 22:31:06 +0000},
	Date-Modified = {2014-05-22 22:31:06 +0000},
	Journal = {SIAM J. Comput.},
	Pages = {135--150},
	Title = {Maximum flow in planar networks},
	Volume = {8},
	Year = {1979}}

@inproceedings{k-csnco-06,
	Author = {Martin Kutz},
	Booktitle = {Proc. 22nd Ann. Symp. Comput. Geom.},
	Date-Added = {2014-05-22 22:30:17 +0000},
	Date-Modified = {2014-05-22 22:30:23 +0000},
	Pages = {430--438},
	Title = {Computing shortest non-trivial cycles on orientable surfaces of bounded genus in almost linear time},
	Year = {2006}}

@article{c-fscss-10,
	Author = {Sergio Cabello},
	Date-Added = {2014-05-22 22:29:22 +0000},
	Date-Modified = {2014-05-22 22:29:35 +0000},
	Journal = {ACM Trans. Algorithms},
	Keywords = {3-path condition, forbidden pairs, graphs on surfaces, topological graph theory},
	Month = {April},
	Number = {2},
	Pages = {24:1--24:18},
	Title = {Finding shortest contractible and shortest separating cycles in embedded graphs},
	Volume = {6},
	Year = {2010},
	Bdsk-Url-1 = {http://doi.acm.org/10.1145/1721837.1721840}}

@article{cen-hfcc-12,
	Author = {Erin W. Chambers and Jeff Erickson and Amir Nayyeri},
	Date-Added = {2014-05-22 22:28:52 +0000},
	Date-Modified = {2014-05-22 22:28:52 +0000},
	Journal = {SIAM J. Comput.},
	Number = {6},
	Pages = {1605-1634},
	Title = {Homology flows, cohomology cuts},
	Volume = {41},
	Year = {2012},
	Bdsk-Url-1 = {http://www.cs.uiuc.edu/~jeffe/pubs/surflow.html}}

@inproceedings{cen-mcshc-09,
	Author = {Erin W. Chambers and Jeff Erickson and Amir Nayyeri},
	Booktitle = {Proc. 25th Ann. Symp. Comput. Geom.},
	Date-Added = {2014-05-22 22:28:52 +0000},
	Date-Modified = {2014-05-22 22:28:52 +0000},
	Pages = {377--385},
	Title = {Minimum cuts and shortest homologous cycles},
	Year = {2009},
	Bdsk-Url-1 = {http://www.cs.uiuc.edu/~jeffe/pubs/surfcut.html}}

@article{ccelw-scsih-08,
	Author = {Erin W. Chambers and {\'E}ric {Colin de Verdi{\`e}re} and Jeff Erickson and Francis Lazarus and Kim Whittlesey},
	Date-Added = {2014-05-22 22:28:52 +0000},
	Date-Modified = {2014-05-22 22:28:52 +0000},
	Journal = {Comput. Geom. Theory Appl.},
	Keywords = {graphs},
	Number = {1--2},
	Pages = {94--110},
	Title = {Splitting (complicated) surfaces is hard},
	Volume = {41},
	Year = {2008}}

@inproceedings{en-mcsnc-11,
	Author = {Jeff Erickson and Amir Nayyeri},
	Booktitle = {Proc. 22nd Ann. ACM-SIAM Symp. Discrete Algorithms},
	Date-Added = {2014-05-22 22:28:52 +0000},
	Date-Modified = {2014-05-22 22:28:52 +0000},
	Pages = {1166--1176},
	Title = {Minimum Cuts and Shortest Non-Separating Cycles via Homology Covers},
	Year = {2011},
	Bdsk-Url-1 = {http://www.cs.uiuc.edu/~jeffe/homcover.html}}

@incollection{e-cocb-12,
	Author = {Jeff Erickson},
	Booktitle = {Advances in Applied and Computational Topology},
	Date-Added = {2014-05-22 22:28:30 +0000},
	Date-Modified = {2014-05-22 22:28:30 +0000},
	Editor = {Afra Zomorodian},
	Note = {Invited survey for an AMS Short Course on Computational Topology at the 2011 Joint Mathematics Meetings},
	Number = {70},
	Pages = {195--228},
	Publisher = {American Mathematical Society},
	Series = {Proc. Symp. Appl. Math.},
	Title = {Combinatorial optimization of cycles and bases},
	Year = {2012}}
