%% This BibTeX bibliography file was created using BibDesk.
%% http://bibdesk.sourceforge.net/


%% Created for Jeff Erickson at 2010-12-01 09:23:16 -0600 


%% Saved with string encoding Unicode (UTF-8) 



@unpublished{noncrossing,
	Author = {Jeff Erickson and Amir Nayyeri},
	Date-Added = {2010-07-06 16:41:24 -0500},
	Date-Modified = {2010-07-06 16:42:13 -0500},
	Month = {July},
	Note = {Unpublished manuscript},
	Title = {Shortest non-crossing walks in the plane},
	Url = {http://www.cs.uiuc.edu/~jeffe/pubs/noncrossing.html},
	Year = {2010},
	Bdsk-Url-1 = {http://www.cs.uiuc.edu/~jeffe/pubs/noncrossing.html}}

@misc{n-pc-10,
	Author = {Yahav Nussbaum},
	Comment = {Error in \cite{jk-mcdpn-92}},
	Date-Added = {2010-07-05 16:32:12 -0500},
	Date-Modified = {2010-12-01 09:23:13 -0600},
	Month = {January},
	Title = {Personal communication},
	Year = {2010}}
