
%% Created for Jeff Erickson at 2008-11-24 13:40:24 -0600 


%% Saved with string encoding Unicode (UTF-8) 



@article{ht-fafnc-84,
	Author = {Dov Harel and Robert Endre Tarjan},
	Date-Added = {2008-11-24 13:38:33 -0600},
	Date-Modified = {2008-11-24 13:38:33 -0600},
	Journal = {SIAM J. Comput.},
	Number = 2,
	Pages = {338--355},
	Title = {Fast algorithms for finding nearest common ancestors},
	Volume = 13,
	Year = 1984}

@article{st-dsdt-83,
	Author = {Daniel D. Sleator and Robert Endre Tarjan},
	Date-Added = {2008-11-24 13:37:37 -0600},
	Date-Modified = {2008-11-24 13:37:37 -0600},
	Journal = {J. Comput. Syst. Sci.},
	Number = {3},
	Pages = {362--391},
	Title = {A data structure for dynamic trees},
	Volume = {26},
	Year = {1983}}
