%% This BibTeX bibliography file was created using BibDesk.
%% http://bibdesk.sourceforge.net/


%% Created for Jeff Erickson at 2009-03-18 03:02:33 -0500 


%% Saved with string encoding Unicode (UTF-8) 



@inproceedings{bkk-ptass-07,
	Author = {Glencora Borradaile and Claire Kenyon-Mathieu and Philip N. Klein},
	Booktitle = {Proc. 18th Ann. ACM-SIAM Symp. Discrete Algorithms},
	Date-Added = {2008-11-30 14:03:18 -0600},
	Date-Modified = {2008-11-30 14:03:18 -0600},
	Keywords = {graphs},
	Pages = {1285--1294},
	Title = {A polynomial-time approximation scheme for {Steiner} tree in planar graphs},
	Year = {2007}}

@inproceedings{cfn-dnlta-04,
	Author = {Parinya Chalermsook and Jittat Fakcharoenphol and Danupon Nanongkai},
	Booktitle = {Proc. 15th Ann. ACM-SIAM Symp. Discrete Algorithms},
	Date-Added = {2008-11-25 11:57:40 -0600},
	Date-Modified = {2008-11-25 12:44:37 -0600},
	Pages = {828--829},
	Title = {A deterministic near-linear time algorithm for finding minimum cuts in planar graphs},
	Year = {2004}}

@article{jk-mcdpn-92,
	Annote = {Minimum (s,t)-cut in a directed planar graph in O(n log^2 n / log log n) time on a word RAM, or O(n log^2 n) time on a real RAM; generalizes Reif's algorithm to directed planar graphs.},
	Author = {Ladislav Janiga and V{\'a}clav Koubek},
	Date-Added = {2008-11-25 11:51:41 -0600},
	Date-Modified = {2008-11-25 12:44:47 -0600},
	Journal = {Kybernetika},
	Number = {1},
	Pages = {37--49},
	Title = {Minimum cut in directed planar networks},
	Volume = {28},
	Year = {1992}}

@inproceedings{c-mdpg-06,
	Author = {Sergio Cabello},
	Booktitle = {Proc. 17th Ann. ACM-SIAM Symp. Discrete Algorithms},
	Date-Added = {2008-11-24 13:41:22 -0600},
	Date-Modified = {2008-11-24 13:41:22 -0600},
	Pages = {1213--1220},
	Title = {Many distances in planar graphs},
	Year = {2006}}

@article{mvv-memi-87,
	Author = {Ketan Mulmuley and Umesh Vazirani and Vijay Vazirani},
	Date-Added = {2008-11-24 13:37:05 -0600},
	Date-Modified = {2008-11-24 13:37:05 -0600},
	Journal = {Combinatorica},
	Pages = {105--113},
	Title = {Matching is as easy as matrix inversion},
	Volume = 7,
	Year = 1987}

@incollection{jp-cctsp-85,
	Address = {New York},
	Author = {David S. Johnson and Christos H. Papadimitriou},
	Booktitle = {The Traveling Salesman Problem},
	Date-Added = {2008-11-24 13:35:37 -0600},
	Date-Modified = {2008-11-24 13:35:55 -0600},
	Editor = {E. Lawler and J. Lenstra and A. Rinnooy Kan and D. Shmoys},
	Pages = {68--74},
	Publisher = {John Wiley \& Sons},
	Title = {Computational complexity and the traveling salesman problem},
	Update = {95.09 mitchell},
	Year = 1985}

@article{er-ccmsp-93,
	Author = {Peter Eades and David Rappaport},
	Date-Added = {2008-11-24 13:34:58 -0600},
	Date-Modified = {2008-11-24 13:34:58 -0600},
	Doi = {http://dx.doi.org/10.1016/0167-8655(93)90140-9},
	Issn = {0167-8655},
	Journal = {Pattern Recogn. Lett.},
	Number = 9,
	Pages = {715--718},
	Title = {The complexity of computing minimum separating polygons},
	Volume = 14,
	Year = 1993,
	Bdsk-Url-1 = {http://dx.doi.org/10.1016/0167-8655(93)90140-9}}

@article{ch-spp1c-96,
	Author = {Jindong Chen and Yijie Han},
	Date-Added = {2008-11-24 13:34:44 -0600},
	Date-Modified = {2008-11-24 13:34:44 -0600},
	Journal = {Int. J. Comput. Geom. Appl.},
	Number = 2,
	Pages = {127--144},
	Title = {Shortest paths on a polyhedron, part {I}: {Computing} shortest paths},
	Volume = 6,
	Year = 1996}

@article{tsn-snppg-96,
	Author = {Jun-Ya Takahashi and Hitoshi Suzuki and Takao Nishizeki},
	Date-Added = {2008-11-24 13:22:51 -0600},
	Date-Modified = {2008-11-24 13:34:02 -0600},
	Journal = {Algorithmica},
	Pages = {339--357},
	Title = {Shortest noncrossing paths in plane graphs},
	Volume = 16,
	Year = 1996}

@book{s-cape-03,
	Author = {Alexander Schrijver},
	Date-Added = {2008-11-17 22:13:12 -0600},
	Date-Modified = {2008-11-17 22:14:22 -0600},
	Number = {24},
	Publisher = {Springer-Verlag},
	Series = {Algorithms and Combinatorics},
	Title = {Combinatorial Optimization: Polyhedra and Efficiency},
	Year = {2003}}

@book{amo-nftaa-93,
	Author = {Ravindra K. Ahuja and Thomas L. Magnanti and James Orlin},
	Date-Added = {2008-11-17 22:12:22 -0600},
	Date-Modified = {2008-11-17 22:13:10 -0600},
	Publisher = {Prentice Hall},
	Title = {Network Flows: Theory, Algorithms, and Applications},
	Year = {1993}}

@inproceedings{v-slpfm-89,
	Author = {Pravin M. Vaidya},
	Booktitle = {Proc. 30th IEEE Symp. Found. Comput. Sci.},
	Date-Added = {2008-11-16 23:21:00 -0600},
	Date-Modified = {2008-11-16 23:23:03 -0600},
	Pages = {332--337},
	Title = {Speeding-up linear programming using fast matrix multiplication},
	Year = {1989}}

@article{gt-namfp-88,
	Address = {New York, NY, USA},
	Author = {Andrew V. Goldberg and Robert E. Tarjan},
	Date-Added = {2008-11-16 23:07:27 -0600},
	Date-Modified = {2008-11-16 23:12:42 -0600},
	Doi = {http://doi.acm.org/10.1145/48014.61051},
	Journal = {J. Assoc. Comput. Mach.},
	Number = {4},
	Pages = {921--940},
	Title = {A new approach to the maximum-flow problem},
	Volume = {35},
	Year = {1988},
	Bdsk-Url-1 = {http://doi.acm.org/10.1145/48014.61051}}

@phdthesis{v-anf-83,
	Author = {Shankar M. Venkatesan},
	Date-Added = {2008-11-16 21:50:35 -0600},
	Date-Modified = {2008-11-17 15:39:25 -0600},
	Note = {Cited in \cite{jv-ppfn-83}},
	School = {The Pennsylvania State University},
	Title = {Algorithms for network flows},
	Type = {{Ph.D.} thesis},
	Year = {1983}}

@inproceedings{jv-ppfn-83,
	Address = {Los Alamitos, CA, USA},
	Author = {Donald B. Johnson and Shankar M. Venkatesan},
	Booktitle = {Proc. 24th IEEE Symp. Found. Comput. Sci.},
	Date-Added = {2008-11-16 21:45:48 -0600},
	Date-Modified = {2008-11-16 21:48:32 -0600},
	Doi = {http://doi.ieeecomputersociety.org/10.1109/SFCS.1983.44},
	Issn = {0272-5428},
	Pages = {259--264},
	Publisher = {IEEE Computer Society},
	Title = {Partition of planar flow networks (preliminary version)},
	Year = {1983},
	Bdsk-Url-1 = {http://doi.ieeecomputersociety.org/10.1109/SFCS.1983.44}}

@article{gpst-uipmf-92,
	Author = {Andrew V. Goldberg and Serge A. Plotkin and David B. Shmoys and {\'E}va Tardos},
	Bibsource = {DBLP, http://dblp.uni-trier.de},
	Date-Added = {2008-11-15 18:41:54 -0600},
	Date-Modified = {2008-11-15 18:42:16 -0600},
	Journal = {SIAM J. Comput.},
	Number = {1},
	Pages = {140--150},
	Title = {Using Interior-Point Methods for Fast Parallel Algorithms for Bipartite Matching and Related Problems},
	Volume = {21},
	Year = {1992}}

@inproceedings{ii-espap-90,
	Author = {Hiroshi Imai and Kazuo Iwano},
	Booktitle = {Proc. SIGAL Int. Symp. Algorithms},
	Date-Added = {2008-11-15 18:35:14 -0600},
	Date-Modified = {2008-11-15 18:39:33 -0600},
	Number = {450},
	Pages = {21--30},
	Publisher = {Springer-Verlag},
	Series = {Lecture Notes Comput. Sci.},
	Title = {Efficient Sequential and Parallel Algorithms for Planar Minimum Cost Flow},
	Year = {1990}}

@techreport{ak-palrc-91,
	Author = {Y. P. Aneja and S. N. Kabadi},
	Date-Added = {2008-11-15 18:03:49 -0600},
	Date-Modified = {2008-11-15 18:05:32 -0600},
	Institution = {University of Windsor},
	Note = {Cited in \cite{ka-eapof-01}},
	Number = {{W91-03}},
	Title = {Polynomial Algorithms for {Lagrangean} Relaxations in Combinatorial Problems},
	Type = {Faculty of Business Working Paper Series},
	Year = {1991}}

@article{ka-amcff-96,
	Author = {S. N. Kabadi and Y. P. Aneja},
	Date-Added = {2008-11-15 18:02:51 -0600},
	Date-Modified = {2008-11-15 18:03:47 -0600},
	Journal = {Oper. Res. Lett.},
	Pages = {171--176},
	Title = {$\epsilon$-Approximation Minimization of Convex Functions in Fixed Dimension},
	Volume = {18},
	Year = {1996}}

@article{ka-eapof-01,
	Author = {S. N. Kabadi and Y. P. Aneja},
	Date-Added = {2008-11-15 18:01:13 -0600},
	Date-Modified = {2008-11-15 18:02:29 -0600},
	Journal = {Algorithmica},
	Pages = {582--594},
	Title = {Equivalence of $\epsilon$-Approximate Separation and Optimization in Fixed Dimensions},
	Volume = {29},
	Year = {2001}}

@incollection{s-hco-05,
	Author = {Alexander Schrijver},
	Booktitle = {Handbook of Discrete Optimization},
	Date-Added = {2008-11-10 00:19:54 -0600},
	Date-Modified = {2008-11-10 00:21:01 -0600},
	Editor = {K. Aardal and G.L. Nemhauser and R. Weismantel},
	Pages = {1--68},
	Publisher = {Elsevier},
	Title = {On the history of combinatorial optimization (till 1960)},
	Year = {2005}}

@techreport{hr-fmern-55,
	Annote = {T.E. Harris, F.S. Ross, Fundamentals of a Method for Evaluating Rail Net Capacities, Research 
Memorandum RM-1573, The RAND Corporation, Santa Monica, California, [October 24,] 
1955.},
	Author = {T. E. Harris and F. S. Ross},
	Date-Added = {2008-11-10 00:15:29 -0600},
	Date-Modified = {2008-11-10 00:22:01 -0600},
	Institution = {The RAND Corporation, Santa Monica, California},
	Month = {October 24},
	Note = {Cited in \cite{s-hco-05}},
	Title = {Fundamentals of a Method for Evaluating Rail Net Capacities},
	Year = {1955}}

@article{h-mfpn-81,
	Author = {Refael Hassin},
	Date-Added = {2008-11-09 23:50:01 -0600},
	Date-Modified = {2008-11-09 23:50:45 -0600},
	Journal = {Inform. Proc. Lett.},
	Pages = {107},
	Title = {Maximum flow in $(s,t)$ planar networks},
	Volume = {13},
	Year = {1981}}

@inproceedings{bdt-ptass-08,
	Author = {Glencora Borradaile and Erik D. Demaine and Siamak Tazari},
	Booktitle = {Proc. 26th Int. Symp. Theoretical Aspects Comput. Sci.},
	Date-Added = {2008-11-09 23:34:16 -0600},
	Date-Modified = {2009-03-18 03:02:30 -0500},
	Pages = {171--182},
	Series = {Dagstuhl Seminar Proceedings},
	Title = {Polynomial-Time Approximation Schemes for Subset-Connectivity Problems in Bounded-Genus Graphs},
	Url = {http://drops.dagstuhl.de/opus/volltexte/2009/1835/},
	Year = {2009}}

@inproceedings{bkk-stpg-07,
	Author = {Glencora Borradaile and Claire Kenyon-Mathieu and Philip N. Klein},
	Booktitle = {Proc. 10th Ann. Workshop on Algorithms and Data Structures},
	Date-Added = {2008-11-09 23:32:10 -0600},
	Date-Modified = {2008-11-09 23:39:18 -0600},
	Pages = {275--286},
	Title = {Steiner Tree in Planar Graphs: {An} {$O(n \log n)$} Approximation Scheme with Singly-Exponential Dependence on Epsilon},
	Year = {2007}}

@article{e-dtmcg-00,
	Arxiv = {math.CO/9907126},
	Author = {David Eppstein},
	Date-Added = {2008-11-09 23:21:35 -0600},
	Date-Modified = {2008-11-09 23:22:21 -0600},
	Journal = {Algorithmica},
	Pages = {275--291},
	Title = {Diameter and treewidth in minor-closed graph families},
	Volume = {27},
	Year = {2000}}

@article{e-sipgr-99,
	Arxiv = {cs.DS/9911003},
	Author = {David Eppstein},
	Date-Added = {2008-11-09 23:20:03 -0600},
	Date-Modified = {2008-11-09 23:21:31 -0600},
	Journal = {J. Graph Algorithms and Applications},
	Number = {3},
	Pages = {1--27},
	Title = {Subgraph isomorphism in planar graphs and related problems},
	Volume = {3},
	Year = {1999}}

@article{b-aancp-94,
	Author = {Brenda S. Baker},
	Date-Added = {2008-11-09 23:15:39 -0600},
	Date-Modified = {2008-11-09 23:16:25 -0600},
	Journal = {J. Assoc. Comput. Mach.},
	Pages = {153--180},
	Title = {Approximation algorithms for {NP}-complete problesm on planar graphs},
	Volume = {41},
	Year = {1994}}

@inproceedings{hw-ltaip-74,
	Author = {John E. Hopcroft and J. K. Wong},
	Booktitle = {Proc. 6th ACM Symp. Theory Comput.},
	Date-Added = {2008-11-09 23:01:44 -0600},
	Date-Modified = {2008-11-09 23:06:23 -0600},
	Pages = {172--184},
	Title = {Linear time algorithm for isomorphism of planar graphs (preliminary report)},
	Year = {1974}}

@mastersthesis{p-omst-99,
	Author = {Dana Pe'er},
	Date-Added = {2008-11-09 22:50:11 -0600},
	Date-Modified = {2008-11-09 22:56:43 -0600},
	School = {Hebrew University},
	Title = {On Minimum Spanning Trees},
	Url = {http://www.math.ias.edu/~avi/STUDENTS/dpthesis.pdf},
	Year = {1998},
	Bdsk-Url-1 = {http://www.math.ias.edu/~avi/STUDENTS/dpthesis.pdf}}

@article{tm-spltm-09,
	Author = {Siamak Tazari and Matthias M{\"u}ller-Hannemann},
	Date-Added = {2008-11-09 22:33:01 -0600},
	Date-Modified = {2009-03-18 02:52:29 -0500},
	Journal = {Discrete Appl. Math.},
	Pages = {673--684},
	Title = {Shortest paths in linear time on minor-closed graph classes, with an application to {Steiner} tree approximation},
	Volume = {157},
	Year = {2009}}

@article{m-tltam-04,
	Author = {Martin Mare{\v s}},
	Date-Added = {2008-11-09 22:29:09 -0600},
	Date-Modified = {2008-11-09 22:32:59 -0600},
	Journal = {Archivum Mathematicum},
	Number = {3},
	Pages = {315--320},
	Title = {Two linear time algorithms for {MST} on minor closed graph classes},
	Volume = {40},
	Year = {2004}}

@inproceedings{k-msspp-05,
	Author = {Philip Klein},
	Booktitle = {Proc. 16th Ann. ACM-SIAM Symp. Discrete Algorithms},
	Date-Added = {2008-10-29 00:54:32 -0400},
	Date-Modified = {2008-10-29 00:55:13 -0400},
	Pages = {146--155},
	Title = {Multiple-source shortest paths in planar graphs},
	Year = {2005}}

@article{r-mstcp-83,
	Author = {John Reif},
	Date-Added = {2008-10-28 22:29:59 -0400},
	Date-Modified = {2008-10-28 22:32:00 -0400},
	Journal = {SIAM J. Comput.},
	Pages = {71-81},
	Title = {Minimum $s$-$t$ cut of a planar undirected network in {$O(n\log^2 n)$} time},
	Volume = {12},
	Year = {1983}}

@article{hknr-cmfnc-98,
	Author = {Torben Hagerup and Jyrki Katajainen and Naomi Nishimura and Prabhakar Ragde},
	Date-Added = {2008-10-14 08:59:25 -0500},
	Date-Modified = {2008-10-14 09:00:56 -0500},
	Journal = {J. Comput. Syst. Sci.},
	Number = {3},
	Pages = {366--375},
	Title = {Characterizing Multiterminal Flow Networks and Computing Flows in Networks of Small Treewidth},
	Volume = {57},
	Year = {1998}}

@article{w-mstfp-97,
	Author = {Karsten Weihe},
	Date-Added = {2008-10-14 08:30:49 -0500},
	Date-Modified = {2008-11-09 23:39:58 -0600},
	Journal = {J. Comput. Syst. Sci.},
	Number = {3},
	Pages = {454--476},
	Title = {Maximum $(s, t)$-Flows in Planar Networks in {$O(|V|\log|V|)$}-Time},
	Volume = {55},
	Year = {1997}}

@article{w-edstp-97,
	Author = {Karsten Weihe},
	Date-Added = {2008-10-14 08:28:43 -0500},
	Date-Modified = {2008-10-14 08:30:20 -0500},
	Journal = {J. Algorithms},
	Number = {1},
	Pages = {121-138},
	Title = {Edge-disjoint $(s,t)$-paths in undirected planar graphs in linear time},
	Volume = {23},
	Year = {1997}}

@inproceedings{hw-mstfkc-07,
	Author = {Jan M. Hochstein and Karsten Weihe},
	Booktitle = {Proc. 18th Ann. ACM-SIAM Symp. Discrete Algorithms},
	Date-Added = {2008-10-14 08:19:36 -0500},
	Date-Modified = {2008-10-14 08:28:23 -0500},
	Pages = {843--847},
	Title = {Maximum $s$-$t$-flow with $k$ crossings in {$O(k^3n\log n)$} time},
	Year = {2007}}

@incollection{df-mfmct-56,
	Author = {George B. Dantzig and Delbert R. Fulkerson},
	Booktitle = {Linear Inequalities and Related Systems},
	Date-Added = {2008-10-14 00:00:53 -0500},
	Date-Modified = {2008-10-14 00:10:58 -0500},
	Editor = {Harold W. Kuhn and Albert William Tucker},
	Number = {38},
	Pages = {215--221},
	Publisher = {Princeton University Press},
	Series = {Annals of Mathematical Studies},
	Title = {On the Max-Flow Min-Cut Theorem of Networks},
	Year = {1956}}

@article{efs-nmfn-56,
	Author = {P. Elias and A. Feinstein and C. E. Shannon},
	Date-Added = {2008-10-13 23:57:58 -0500},
	Date-Modified = {2008-10-14 00:00:52 -0500},
	Journal = {IRE Trans. Inform. Theory},
	Pages = {117--119},
	Title = {Note on maximum flow through a network},
	Volume = {IT-2},
	Year = {1956}}

@article{ff-mfn-56,
	Author = {Lester R. Ford and Delbert R. Fulkerson},
	Date-Added = {2008-10-13 23:56:31 -0500},
	Date-Modified = {2008-10-13 23:57:39 -0500},
	Journal = {Canadian J. Math.},
	Number = {399--404},
	Title = {Maximal flow through a network},
	Volume = {8},
	Year = {1956}}

@phdthesis{b-epnfc-08,
	Author = {Glencora Borradaile},
	Date-Added = {2008-09-28 13:22:54 -0500},
	Date-Modified = {2008-09-28 13:26:55 -0500},
	Month = {May},
	School = {Brown University},
	Title = {Exploiting Planarity for Network Flow and Connectivity Problems},
	Url = {http://www.cs.brown.edu/research/pubs/theses/phd/2008/glencora.pdf},
	Year = {2008},
	Bdsk-Url-1 = {http://www.cs.brown.edu/research/pubs/theses/phd/2008/glencora.pdf}}

@inproceedings{bk-tamfd-06,
	Author = {Glencora Borradaile and Philip Klein},
	Booktitle = {Proc. 17th Ann. ACM-SIAM Symp. Discrete Algorithms},
	Date-Added = {2008-09-28 13:20:53 -0500},
	Date-Modified = {2008-11-16 21:53:39 -0600},
	Pages = {524--533},
	Title = {An {$O(n \log n)$}-time algorithm for maximum $st$-flow in a directed planar graph},
	Year = {2006}}

@article{bk-amfdp-09,
	Author = {Glencora Borradaile and Philip Klein},
	Date-Added = {2008-09-28 13:19:09 -0500},
	Date-Modified = {2008-11-17 00:17:54 -0600},
	Journal = {J. ACM},
	Title = {An {$O(n\log n)$} algorithm for maximum $st$-flow in a directed planar graph},
	Url = {http://www.math.uwaterloo.ca/~glencora/downloads/maxflow-full.pdf},
	Volume = {$\!\!$, to appear},
	Year = {2009},
	Bdsk-Url-1 = {http://www.math.uwaterloo.ca/~glencora/downloads/maxflow-full.pdf}}

@inproceedings{kmw-spdpg-09,
	Author = {Philip Klein and Shay Mozes and Oren Weimann},
	Booktitle = {Proc. 20th Ann. ACM-SIAM Symp. Discrete Algorithms},
	Date-Added = {2008-09-25 13:33:03 -0500},
	Date-Modified = {2009-03-18 02:48:49 -0500},
	Pages = {236-245},
	Title = {Shortest paths in directed planar graphs with negative lengths: {A} linear-space {$O(n\log^2 n)$}-time Algorithm},
	Year = {2009},
	Bdsk-Url-1 = {http://www.cs.brown.edu/~shay/SP.pdf}}

@article{d-aspmf-70,
	Author = {E. A. Dinic},
	Date-Added = {2008-08-06 16:26:56 -0500},
	Date-Modified = {2008-08-06 16:31:21 -0500},
	Journal = {Soviet Math. Dokl.},
	Pages = {1277--1280},
	Title = {Algorithm for solution of a problem of maximum flow in networks with power estimation},
	Volume = {11},
	Year = {1970}}

@article{et-nftgc-75,
	Author = {Shimon Even and Robert Endre Tarjan},
	Date-Added = {2008-08-06 16:09:22 -0500},
	Date-Modified = {2008-08-06 16:13:26 -0500},
	Journal = {SIAM J. Comput.},
	Number = {4},
	Pages = {507--518},
	Read = {No},
	Title = {Network flow and testing graph connectivity},
	Volume = {4},
	Year = {1975}}

@article{gr-bfdb-98,
	Author = {Andrew V. Goldberg and Satish Rao},
	Date-Added = {2008-08-06 15:18:30 -0500},
	Date-Modified = {2008-08-06 15:20:49 -0500},
	Journal = {J. ACM},
	Number = {5},
	Pages = {783--797},
	Title = {Beyond the flow decomposition barrier},
	Volume = {45},
	Year = {1998}}

@article{o-fspmc-93,
	Author = {James B. Orlin},
	Date-Added = {2008-08-06 14:54:56 -0500},
	Date-Modified = {2008-08-06 14:57:49 -0500},
	Journal = {Oper. Res.},
	Number = {2},
	Pages = {338--350},
	Title = {A faster strongly polynomial minimum cost flow algorithm},
	Volume = {41},
	Year = {1993}}

@inproceedings{ds-flgfi-08,
	Arxiv = {0803.0988},
	Author = {Samuel I. Diatch and Daniel A. Spielman},
	Booktitle = {Proc. 40th ACM Symp. Theory Comput.},
	Date-Added = {2008-08-06 14:49:47 -0500},
	Date-Modified = {2008-10-23 06:57:39 -0500},
	Pages = {451--460},
	Title = {Faster lossy generalized flow via interior point algorithms},
	Year = {2008}}

@inproceedings{o-fspmc-88,
	Author = {James B. Orlin},
	Booktitle = {Proc. 20th ACM Symp. Theory Comput.},
	Date-Added = {2008-08-06 14:47:00 -0500},
	Date-Modified = {2008-08-06 14:54:49 -0500},
	Pages = {377--387},
	Title = {A faster strongly polynomial minimum cost flow algorithm},
	Year = {1988}}

@phdthesis{c-caop-91,
	Author = {Edith Cohen},
	Date-Added = {2008-08-03 00:43:17 -0500},
	Date-Modified = {2008-08-03 01:18:24 -0500},
	Month = {June},
	Note = {Tech. Report STAN-CS-91-1366},
	School = {Dept. Comput. Sci., Stanford Univ.},
	Title = {Combinatorial Algorithms for Optimization Problems},
	Type = {{Ph.D.} thesis},
	Year = {1991}}

@article{m-apcad-83,
	Author = {Nimrod Megiddo},
	Date-Added = {2008-08-02 22:49:35 -0500},
	Date-Modified = {2008-08-02 22:50:46 -0500},
	Journal = {J. Assoc. Comput. Mach.},
	Number = {4},
	Pages = {852--865},
	Title = {Applying parallel computation algorithms in the design of serial algorithms},
	Volume = {30},
	Year = {1983}}

@article{f-faspp-87,
	Author = {Greg N. Frederickson},
	Date-Added = {2008-08-01 13:54:43 -0500},
	Date-Modified = {2008-08-01 13:54:53 -0500},
	Journal = {SIAM J. Comput.},
	Number = 6,
	Pages = {1004--1004},
	Title = {Fast algorithms for shortest paths in planar graphs with applications},
	Volume = 16,
	Year = 1987}

@article{hj-oamfu-85,
	Author = {Refael Hassin and Donald B. Johnson},
	Date-Added = {2008-08-01 13:51:11 -0500},
	Date-Modified = {2008-08-01 13:52:44 -0500},
	Journal = {SIAM J. Comput.},
	Number = {3},
	Pages = {612--624},
	Title = {An {$O(n\log^2 n)$} algorithm for maximum flow in undirected planar networks},
	Volume = {14},
	Year = {1985}}

@article{is-mfpn-79,
	Author = {Alon Itai and Yossi Shiloach},
	Date-Added = {2008-08-01 13:49:31 -0500},
	Date-Modified = {2008-08-01 13:50:51 -0500},
	Journal = {SIAM J. Comput.},
	Pages = {135--150},
	Title = {Maximum flow in planar networks},
	Volume = {8},
	Year = {1979}}

@article{lt-apst-80,
	Author = {Richard J. Lipton and Robert Endre Tarjan},
	Date-Added = {2008-08-01 13:40:22 -0500},
	Date-Modified = {2008-08-01 13:41:07 -0500},
	Journal = {SIAM J. Comput.},
	Pages = {615--627},
	Title = {Applications of a planar separator theorem},
	Volume = {9},
	Year = {1980}}

@article{lrt-gnd-79,
	Author = {Richard J. Lipton and Donald J. Rose and Robert Endre Tarjan},
	Date-Added = {2008-08-01 13:38:30 -0500},
	Date-Modified = {2008-08-01 13:40:19 -0500},
	Journal = {SIAM J. Numer. Anal.},
	Pages = {346--358},
	Title = {Generalized nested dissection},
	Volume = {16},
	Year = {1979}}

@article{mn-fpgms-95,
	Author = {Gary L. Miller and Joseph Naor},
	Date-Added = {2008-08-01 13:36:05 -0500},
	Date-Modified = {2008-11-16 23:02:16 -0600},
	Journal = {SIAM J. Comput.},
	Number = {5},
	Pages = {1002--10017},
	Title = {Flow in planar graphs with multiple sources and sinks},
	Volume = {24},
	Year = {1995}}

@article{pr-pndpa-86,
	Author = {Victor Pan and John Reif},
	Date-Added = {2008-07-31 22:46:06 -0500},
	Date-Modified = {2008-08-06 23:05:06 -0500},
	Journal = {Oper. Res. Lett.},
	Number = {4},
	Pages = {177--184},
	Title = {Parallel nested dissection for path algebra problems},
	Volume = {5},
	Year = {1986}}

@article{pr-fepss-93,
	Annote = {Cited by Miller+Noar as a parallel planar shortest-path algorithm.},
	Author = {Victor Y. Pan and John H. Reif},
	Date-Added = {2008-07-31 22:37:03 -0500},
	Date-Modified = {2008-07-31 22:43:13 -0500},
	Journal = {SIAM J. Comput.},
	Number = {6},
	Pages = {1227--1250},
	Title = {Fast and Efficient Parallel Solution of Sparse Linear Systems},
	Volume = {22},
	Year = {1993}}

@article{pr-pcmcp-91,
	Annote = {Cited by Miller+Noar as a parallel planar shortest paths algorithm},
	Author = {Victor Y. Pan and John H. Reif},
	Date-Added = {2008-07-31 22:33:16 -0500},
	Date-Modified = {2008-07-31 22:38:23 -0500},
	Journal = {Inform. Proc. Lett.},
	Pages = {79--83},
	Title = {The parallel computation of minimum cost paths in graphs by stream contraction},
	Volume = {40},
	Year = {1991}}

@article{pr-fespa-89,
	Annote = {Cited by Miller+Noar as a parallel planar shortest-path algorithm.},
	Author = {Victor Y. Pan and John H. Reif},
	Date-Added = {2008-07-31 22:28:30 -0500},
	Date-Modified = {2008-07-31 22:42:56 -0500},
	Journal = {J. Comput. Syst. Sci.},
	Pages = {494--510},
	Title = {Fast and efficient solution of path algebra problems},
	Volume = {38},
	Year = {1989}}

@article{c-epspd-96,
	Author = {Edith Cohen},
	Date-Added = {2008-07-31 15:54:03 -0500},
	Date-Modified = {2008-07-31 15:59:39 -0500},
	Journal = {J. Algorithms},
	Pages = {331--357},
	Title = {Efficient Parallel Shortest-Paths in Digraphs with a Separator Decomposition},
	Volume = {21},
	Year = {1996}}

@article{fr-pgnwe-06,
	Author = {Jittat Fakcharoenphol and Satish Rao},
	Date-Added = {2008-07-31 15:22:49 -0500},
	Date-Modified = {2008-07-31 15:24:42 -0500},
	Journal = {J. Comput. Syst. Sci.},
	Number = {5},
	Pages = {868--889},
	Title = {Planar graphs, negative weight edges, shortest paths, and near linear time},
	Volume = {72},
	Year = {2006}}

@article{glv-ovena-01,
	Author = {Anna Galluccio and Martin Loeb and Jan Vondr{\'a}k},
	Date-Added = {2008-07-31 15:17:51 -0500},
	Date-Modified = {2008-07-31 15:29:04 -0500},
	Journal = {Math. Program., Ser. A},
	Pages = {273--290},
	Title = {Optimization via enumeration: a new algorithm for the {Max Cut} problem},
	Volume = {90},
	Year = {2001}}

@article{cm-acafp-94,
	Author = {Edith Cohen and Nimrod Megiddo},
	Date-Added = {2008-07-31 15:13:07 -0500},
	Date-Modified = {2008-07-31 15:15:19 -0500},
	Journal = {Algorithmica},
	Number = {3},
	Pages = {320--340},
	Title = {Algorithms and complexity analysis for some flow problems},
	Volume = {11},
	Year = {1994}}

@incollection{t-mncff-93,
	Author = {Sivan Toledo},
	Booktitle = {Complexity in Numerical Optimization},
	Date-Added = {2008-07-31 14:55:46 -0500},
	Date-Modified = {2008-08-06 23:10:46 -0500},
	Editor = {Panos M. Pardalos},
	Pages = {429--447},
	Publisher = {World Scientific},
	Title = {Maximizing non-linear concave functions in fixed dimension},
	Year = {1993}}

@article{as-eago-98,
	Author = {Pankaj K. Agarwal and Micha Sharir},
	Date-Added = {2008-07-31 14:49:50 -0500},
	Date-Modified = {2008-07-31 14:52:00 -0500},
	Journal = {ACM Comput. Surv.},
	Pages = {412--458},
	Title = {Efficient algorithms for geometric optimization},
	Volume = {30},
	Year = {1998}}

@article{af-wmsac-96,
	Author = {Richa Agarwala and David Fern{\'a}ndez-Baca},
	Date-Added = {2008-07-31 14:45:00 -0500},
	Date-Modified = {2008-07-31 14:48:44 -0500},
	Journal = {SIAM J. Comput.},
	Pages = {83-99},
	Title = {Weighted multidimensional search and its application to convex optimization},
	Volume = {25},
	Year = {1996}}

@article{npt-usafd-92,
	Author = {Carolyn Haibt Norton and Serge A. Plotkin and {\'E}va Tardos},
	Date-Added = {2008-07-31 14:30:29 -0500},
	Date-Modified = {2008-08-01 13:45:23 -0500},
	Journal = {J. Algorithms},
	Number = {1},
	Pages = {79--98},
	Title = {Using separation algorithms in fixed dimension},
	Volume = {13},
	Year = {1992}}

@article{cm-sptnc-93,
	Author = {Edith Cohen and Nimrod Megiddo},
	Date-Added = {2008-07-31 14:26:18 -0500},
	Date-Modified = {2008-07-31 14:27:41 -0500},
	Journal = {J. Assoc. Comput. Mach.},
	Number = {4},
	Pages = {791--830},
	Title = {Strongly polynomial-time and {NC} algorithms for detecting cycles in periodic graphs},
	Volume = {40},
	Year = {1993}}

@incollection{cm-mcffd-93,
	Author = {Edith Cohen and Nimrod Megiddo},
	Booktitle = {Complexity in Numerical Optimization},
	Date-Added = {2008-07-31 14:23:17 -0500},
	Date-Modified = {2008-07-31 15:02:01 -0500},
	Editor = {Panos M. Pardalos},
	Pages = {74--87},
	Publisher = {World Scientific},
	Title = {Maximizing concave functions in fixed dimension},
	Year = {1993}}

@techreport{ast-emdst-93,
	Author = {Pankaj K. Agarwal and Micha Sharir and Sivan Toledo},
	Date-Added = {2008-07-31 13:23:51 -0500},
	Date-Modified = {2008-07-31 14:22:24 -0500},
	Institution = {Dept. Comp. Sci., Duke Univ.},
	Month = {August},
	Number = {CS-1993-20},
	Title = {An Efficient Multi-Dimensional Searching Technique and Its Applications},
	Type = {Tech. Rep.},
	Url = {ftp://ftp.cs.duke.edu/pub/dist/techreport/1993/1993-20.ps.gz},
	Year = {1993},
	Bdsk-Url-1 = {ftp://ftp.cs.duke.edu/pub/dist/techreport/1993/1993-20.ps.gz}}

@book{gls-gaco-93,
	Author = {Martin Gr{\"o}tschel and L{\'a}szl{\'o} Lov{\'a}sz and Alexander Schrijver},
	Date-Added = {2008-07-23 15:10:33 -0500},
	Date-Modified = {2008-07-23 15:11:44 -0500},
	Edition = {2nd},
	Number = {2},
	Publisher = {Springer-Verlag},
	Series = {Algorithms and Combinatorics},
	Title = {Geometric Algorithms and Combinatorial Optimization},
	Year = {1993}}

@article{gls-emcco-81,
	Author = {Martin Gr{\"o}tschel and L{\'a}szl{\'o} Lov{\'a}sz and Alexander Schrijver},
	Date-Added = {2008-07-19 10:21:06 -0500},
	Date-Modified = {2008-07-19 10:30:21 -0500},
	Journal = {Combinatorica},
	Number = {2},
	Pages = {169--197},
	Title = {The Ellipsoid Method and its Consequences in Combinatorial Optimization},
	Volume = {1},
	Year = {1981}}

@article{hkrs-fspap-97,
	Author = {Monika R. Henzinger and Philip Klein and Satish Rao and Sairam Subramanian},
	Date-Added = {2008-07-19 10:18:31 -0500},
	Date-Modified = {2008-07-19 10:18:31 -0500},
	Journal = {J. Comput. Syst. Sci.},
	Number = {1},
	Pages = {3--23},
	Title = {Faster shortest-path algorithms for planar graphs},
	Volume = {55},
	Year = {1997},
	Bdsk-Url-1 = {http://dx.doi.org/10.1006/jcss.1997.1493}}

@article{d-ntpcg-59,
	Author = {Edsger W. Dijkstra},
	Date-Added = {2008-07-19 10:18:25 -0500},
	Date-Modified = {2008-07-19 10:18:25 -0500},
	Journal = {Numerische Mathematik},
	Pages = {269--271},
	Title = {A Note on Two Problems in Connexion with Graphs},
	Volume = 1,
	Year = 1959}

@article{mrr-edofm-03,
	Author = {S. Thomas McCormick and M. R. Rao and Giovanni Rinaldi},
	Date-Added = {2008-07-19 10:18:04 -0500},
	Date-Modified = {2008-07-19 10:18:04 -0500},
	Journal = {Math. Program., Ser. B},
	Pages = {459--466},
	Title = {Easy and difficult objective functions for max cut},
	Volume = {94},
	Year = {2003}}

@comment{BibDesk Smart Groups{
<?xml version="1.0" encoding="UTF-8"?>
<!DOCTYPE plist PUBLIC "-//Apple//DTD PLIST 1.0//EN" "http://www.apple.com/DTDs/PropertyList-1.0.dtd">
<plist version="1.0">
<array>
	<dict>
		<key>conditions</key>
		<array>
			<dict>
				<key>comparison</key>
				<integer>2</integer>
				<key>key</key>
				<string>Title</string>
				<key>value</key>
				<string>planar</string>
				<key>version</key>
				<string>1</string>
			</dict>
			<dict>
				<key>comparison</key>
				<integer>2</integer>
				<key>key</key>
				<string>Title</string>
				<key>value</key>
				<string>plane</string>
				<key>version</key>
				<string>1</string>
			</dict>
		</array>
		<key>conjunction</key>
		<integer>1</integer>
		<key>group name</key>
		<string>planar</string>
	</dict>
</array>
</plist>
}}
