%% This BibTeX bibliography file was created using BibDesk.
%% http://bibdesk.sourceforge.net/


%% Created for Jeff Erickson at 2009-03-18 03:02:08 -0500 


%% Saved with string encoding Unicode (UTF-8) 



@inproceedings{zc-lh-07,
	Author = {Afra Zomorodian and Gunnar Carlsson},
	Booktitle = {Proc. IEEE Int Conf. Shape Modeling Appl. (SMI)},
	Date-Added = {2008-11-30 14:50:42 -0600},
	Date-Modified = {2008-11-30 15:02:59 -0600},
	Pages = {189--198},
	Title = {Localized Homology},
	Year = {2007}}

@inproceedings{dls-chtl-07,
	Author = {Tamal K. Dey and Kuiyu Li and Jian Sun},
	Booktitle = {IEEE Proc. Int. Conf. Cyberworlds},
	Date-Added = {2008-11-30 13:50:48 -0600},
	Date-Modified = {2008-11-30 13:53:13 -0600},
	Pages = {357--366},
	Title = {On Computing Handle and Tunnel Loops},
	Year = {2007}}

@article{dlsc-cgaht-08,
	Author = {Tamal K. Dey and Kuiyu Li and Jian Sun and David Cohen-Steiner},
	Date-Added = {2008-11-30 13:45:22 -0600},
	Date-Modified = {2008-11-30 13:50:23 -0600},
	Doi = {http://doi.acm.org/10.1145/1399504.1360644},
	Journal = {ACM Trans. Graphics},
	Note = {Proc. SIGGRAPH 2008},
	Number = {3},
	Pages = {1--9},
	Title = {Computing geometry-aware handle and tunnel loops in {3D} models},
	Volume = {27},
	Year = {2008},
	Bdsk-Url-1 = {http://doi.acm.org/10.1145/1399504.1360644}}

@inproceedings{cl-opdsh-03,
	Author = {{\'E}ric {Colin de Verdi{\`e}re} and Francis Lazarus},
	Booktitle = {Proc. 11th Sympos. Graph Drawing},
	Date-Added = {2008-11-24 14:09:39 -0600},
	Date-Modified = {2008-11-24 14:10:09 -0600},
	Month = sep,
	Number = 2912,
	Pages = {478--490},
	Series = {Lecture Notes Comput. Sci.},
	Title = {Optimal pants decompositions and shortest homotopic cycles on an orientable surface},
	Year = 2003}

@article{cl-oslos-05,
	Author = {{\'E}ric {Colin de Verdi{\`e}re} and Francis Lazarus},
	Date-Added = {2008-11-24 14:09:39 -0600},
	Date-Modified = {2008-11-24 14:09:53 -0600},
	Journal = {Discrete Comput. Geom.},
	Number = 3,
	Pages = {507--534},
	Title = {Optimal System of Loops on an Orientable Surface},
	Volume = 33,
	Year = 2005}

@phdthesis{c-rcds-03,
	Author = {{\'E}ric {Colin de Verdi{\`e}re}},
	Date-Added = {2008-11-24 14:09:39 -0600},
	Date-Modified = {2008-11-24 14:09:39 -0600},
	Month = dec,
	School = {University of Paris 7},
	Title = {Raccourcissement de courbes et d{\'e}composition de surfaces [Shortening of Curves and Decomposition of Surfaces]},
	Url = {http://www.di.ens.fr/~colin/textes/these.html},
	Year = 2003,
	Bdsk-Url-1 = {http://www.di.ens.fr/~colin/textes/these.html}}

@article{dg-tcs-99,
	Author = {Tamal K. Dey and Sumanta Guha},
	Date-Added = {2008-11-24 13:55:11 -0600},
	Date-Modified = {2008-11-24 13:55:32 -0600},
	Journal = {J. Comput. System Sci.},
	Pages = {297--325},
	Title = {Transforming Curves on Surfaces},
	Volume = 58,
	Year = 1999}

@inproceedings{vy-cccs-90,
	Author = {Gert Vegter and Chee K. Yap},
	Booktitle = {Proc. 6th Annu. ACM Sympos. Comput. Geom.},
	Cites = {b-sctdm-22, ff-ict-34, h-gt-69, m-ati-77, my-chthu-88, m-eat-84, s-ctcgt-80, v-kfdp-89, ZZZ},
	Date-Added = {2008-11-24 13:54:19 -0600},
	Date-Modified = {2008-11-24 13:54:36 -0600},
	Pages = {102--111},
	Title = {Computational complexity of combinatorial surfaces},
	Year = 1990}

@inproceedings{cen-hfcc-09,
	Author = {Erin W. Chambers and Jeff Erickson and Amir Nayyeri},
	Booktitle = {Proc. 41st Ann. ACM Symp. Theory Comput.},
	Date-Added = {2008-11-24 13:48:08 -0600},
	Date-Modified = {2009-03-18 03:01:20 -0500},
	Title = {Homology flows, cohomology cuts},
	Year = {2009},
	Bdsk-Url-1 = {http://www.cs.uiuc.edu/~jeffe/pubs/surflow.html}}

@misc{ew-csec-08,
	Author = {Jeff Erickson and Pratik Worah},
	Date-Added = {2008-11-24 13:41:51 -0600},
	Date-Modified = {2008-11-24 13:47:18 -0600},
	Howpublished = {Preprint},
	Keywords = {graphs},
	Month = {November},
	Title = {Computing the shortest essential cycle},
	Url = {http://www.cs.uiuc.edu/~jeffe/pubs/essential.html},
	Year = {2008},
	Bdsk-Url-1 = {http://www.cs.uiuc.edu/~jeffe/pubs/essential.html}}

@inproceedings{g-itegd-00,
	Author = {Martin Grohe},
	Booktitle = {Proc. 32nd ACM Symp. Theory Comput.},
	Date-Added = {2008-11-24 13:38:46 -0600},
	Date-Modified = {2008-11-24 13:47:08 -0600},
	Keywords = {graphs},
	Pages = {63--72},
	Title = {Isomorphism testing for embeddable graphs through definability},
	Year = {2000}}

@inproceedings{m-itgbg-80,
	Author = {Gary L. Miller},
	Booktitle = {Proc. 12th ACM Symp. Theory Comput.},
	Date-Added = {2008-11-24 13:38:04 -0600},
	Date-Modified = {2008-11-24 13:46:54 -0600},
	Keywords = {graphs},
	Pages = {225--235},
	Title = {Isomorphism testing for graphs of bounded genus},
	Year = {1980}}

@article{hs-ics-85,
	Author = {Joel Hass and Peter Scott},
	Date-Added = {2008-11-24 13:21:21 -0600},
	Date-Modified = {2008-11-24 13:21:21 -0600},
	Journal = {Israel J. Math.},
	Pages = {90--120},
	Title = {Intersections of curves on surfaces},
	Volume = 51,
	Year = 1985}

@article{e-c2mi-66,
	Author = {David B. A. Epstein},
	Date-Added = {2008-11-24 13:20:54 -0600},
	Date-Modified = {2008-11-24 13:20:54 -0600},
	Journal = {Acta Mathematica},
	Pages = {83--107},
	Title = {Curves on 2-manifolds and isotopies},
	Volume = 115,
	Year = 1966}

@unpublished{surfcut,
	Author = {Erin W. Chambers and Jeff Erickson and Amir Nayyeri},
	Date-Added = {2008-11-17 01:51:15 -0600},
	Date-Modified = {2008-11-24 13:47:46 -0600},
	Keywords = {graphs},
	Note = {In prepration, to be submitted to SOCG 2009},
	Title = {Minimum cuts and shortest homologous cycles}}

@article{d-st-81,
	Author = {Hristo N. Djidjev},
	Date-Added = {2008-11-09 17:40:49 -0600},
	Date-Modified = {2008-11-24 13:47:30 -0600},
	Journal = {Compt. Rend. Acad. Bulg. Sci.},
	Keywords = {graphs},
	Pages = {643--645},
	Title = {A separator theorem},
	Volume = {34},
	Year = {1981}}

@article{ad-lapeg-96,
	Author = {Lyudmil Aleksandrov and Hristo Djidjev},
	Date-Added = {2008-11-09 17:36:25 -0600},
	Date-Modified = {2008-11-24 13:47:56 -0600},
	Journal = {SIAM J. Discrete Math},
	Keywords = {graphs},
	Number = {1},
	Pages = {129--150},
	Title = {Linear Algorithms for Partitioning Embedded Graphs of Bounded Genus},
	Volume = {9},
	Year = {1996}}

@inproceedings{h-grpae-89,
	Author = {Joan P. Hutchinson},
	Booktitle = {Graphs and Algorithms, Proc. AMS-IMS-SIAM Joint Summer Res. Conf.},
	Date-Added = {2008-11-09 17:28:37 -0600},
	Date-Modified = {2008-11-24 13:47:04 -0600},
	Keywords = {graphs},
	Number = {89},
	Pages = {19--26},
	Publisher = {American Mathematical Society},
	Series = {Contemporary Mathematics},
	Title = {On genus-reducing and planarizing algorithms for embedded graphs},
	Year = {1989}}

@inproceedings{hm-dvmgp-87,
	Author = {Joan P. Hutchinson and Gary L. Miller},
	Booktitle = {Discrete Algorithms and Complexity Theory, Proceedings of the Japan-US Joint Seminar, Kyoto, Japan},
	Date-Added = {2008-11-09 17:20:06 -0600},
	Date-Modified = {2008-11-24 13:47:02 -0600},
	Editor = {David S. Johnson},
	Keywords = {graphs},
	Pages = {81--98},
	Publisher = {Academic Press},
	Title = {Deleting vertices to make graphs of positive genus planar},
	Year = {1987}}

@inproceedings{dv-pges-95,
	Author = {Hristo N. Djidjev and Shankar M. Venkatesan},
	Booktitle = {Proc. 21st Workshop Graph-Theoretic Concepts Comput. Sci.},
	Date-Added = {2008-11-09 17:14:22 -0600},
	Date-Modified = {2008-11-24 13:47:28 -0600},
	Keywords = {graphs},
	Number = {1017},
	Pages = {62--72},
	Publisher = {Springer-Verlag},
	Series = {Lecture Notes Comput. Sci.},
	Title = {Planarization of graphs embedded on surfaces},
	Year = {1995}}

@book{m-bcat-91,
	Author = {William S. Massey},
	Date-Added = {2008-09-28 20:09:58 -0500},
	Date-Modified = {2008-09-28 20:11:00 -0500},
	Publisher = {Springer-Verlag},
	Title = {A basic course in algebraic topology},
	Year = {1991}}

@book{s-at-81,
	Author = {Edwin H. Spanier},
	Date-Added = {2008-09-28 19:59:35 -0500},
	Date-Modified = {2008-09-28 20:06:21 -0500},
	Publisher = {Springer-Verlag},
	Title = {Algebraic Topology},
	Year = {1981}}

@book{s-ctcgt-93,
	Author = {John Stillwell},
	Date-Modified = {2008-11-24 13:40:59 -0600},
	Edition = {2nd},
	Number = {72},
	Publisher = {Springer-Verlag},
	Series = {Graduate Texts in Mathematics},
	Title = {Classical Topology and Combinatorial Group Theory},
	Year = 1993}

@book{h-at-01,
	Author = {Allen Hatcher},
	Publisher = {Cambridge University Press},
	Title = {Algebraic Topology},
	Url = {http://www.math.cornell.edu/~hatcher/},
	Year = 2001,
	Bdsk-Url-1 = {http://www.math.cornell.edu/~hatcher/}}

@book{m-t-00,
	Author = {James R. Munkres},
	Edition = {2nd},
	Publisher = {Prentice-Hall},
	Title = {Topology},
	Year = 2000}

@book{gt-tgt-01,
	Author = {Jonathan L. Gross and Thomas W. Tucker},
	Date-Added = {2008-09-28 17:42:41 -0500},
	Date-Modified = {2008-11-24 13:47:07 -0600},
	Keywords = {graphs},
	Publisher = {Dover Publications},
	Title = {Topological graph theory},
	Year = {2001}}

@incollection{e-19pef-05,
	Author = {David Eppstein},
	Booktitle = {The Geometry Junkyard},
	Date-Added = {2008-09-28 15:00:26 -0500},
	Date-Modified = {2008-11-24 13:47:24 -0600},
	Keywords = {graphs},
	Note = {Last accessed October 1, 2008.},
	Title = {Nineteen Proofs of {Euler's} Formula: {$V-E+F=2$}},
	Url = {http://www.ics.uci.edu/~eppstein/junkyard/euler/},
	Year = {Oct 2005},
	Bdsk-Url-1 = {http://www.ics.uci.edu/~eppstein/junkyard/euler/}}

@book{r-mct-74,
	Author = {Gerhard Ringel},
	Date-Added = {2008-07-17 01:53:32 -0500},
	Date-Modified = {2008-11-24 13:46:49 -0600},
	Keywords = {graphs},
	Publisher = {Springer-Verlag},
	Title = {Map Color Theorem},
	Year = {1974}}

@article{ry-shmcp-68,
	Author = {Gerhard Ringel and J. William T. Youngs},
	Date-Added = {2008-07-17 01:36:53 -0500},
	Date-Modified = {2008-11-24 13:46:46 -0600},
	Journal = {Proc. Nat. Acad. Sci. USA},
	Keywords = {graphs},
	Pages = {438--445},
	Title = {Solution of the {Heawood} Map-Coloring Problem},
	Volume = {60},
	Year = {1968}}

@article{fgm-fmggi-88,
	Author = {Merrick L. Furst and Jonathan L. Gross and Lyle A. McGeoch},
	Date-Added = {2008-07-16 23:36:11 -0500},
	Date-Modified = {2008-11-24 13:47:11 -0600},
	Journal = {J. Assoc. Comput. Mach.},
	Keywords = {graphs},
	Number = {3},
	Pages = {523--534},
	Title = {Finding a Maximum-Genus Graph Imbedding},
	Volume = {35},
	Year = {1988}}

@misc{cf-qhc2-07,
	Arxiv = {0709.2512v2},
	Author = {Chao Chen and Daniel Freedman},
	Date-Added = {2008-07-14 21:32:28 -0500},
	Date-Modified = {2008-07-17 01:52:39 -0500},
	Howpublished = {Preprint},
	Title = {Quantifying Homology Classes {II}: {L}ocalization and Stability},
	Url = {http://arxiv.org/abs/0709.2512v2},
	Year = {2007},
	Bdsk-Url-1 = {http://arxiv.org/abs/0709.2512v2}}

@inproceedings{cf-qhc-08,
	Author = {Chao Chen and Daniel Freedman},
	Booktitle = {Proc. 25th Ann. Symp. Theoretical Aspects Comp. Sci.},
	Date-Added = {2008-07-14 21:27:38 -0500},
	Date-Modified = {2009-03-18 03:02:04 -0500},
	Pages = {169--180},
	Series = {Dagstuhl Seminar Proceedings},
	Title = {Quantifying Homology Classes},
	Url = {http://drops.dagstuhl.de/opus/volltexte/2008/1343/},
	Year = {2008},
	Bdsk-Url-1 = {http://drops.dagstuhl.de/opus/volltexte/2008/1343/}}

@article{ccelw-scsih-08,
	Author = {Erin W. Chambers and {\'E}ric {Colin de Verdi{\`e}re} and Jeff Erickson and Francis Lazarus and Kim Whittlesey},
	Date-Added = {2008-07-03 11:57:18 -0500},
	Date-Modified = {2008-11-24 14:12:12 -0600},
	Journal = {Comput. Geom. Theory Appl.},
	Keywords = {graphs},
	Number = {1--2},
	Pages = {94--110},
	Title = {Splitting (complicated) surfaces is hard},
	Volume = {41},
	Year = {2008}}

@article{ght-stgbg-84,
	Author = {John R. Gilbert and Joan P. Hutchinson and Robert Endre Tarjan},
	Date-Added = {2008-06-29 22:59:49 -0500},
	Date-Modified = {2008-11-24 13:47:10 -0600},
	Journal = {J. Algorithms},
	Keywords = {graphs},
	Number = {3},
	Pages = {391--407},
	Title = {A separator theorem for graphs of bounded genus},
	Volume = {5},
	Year = {1984},
	Bdsk-Url-1 = {http://dx.doi.org/10.1016/0196-6774(84)90019-1}}

@inproceedings{km-gmiap-08,
	Author = {{Ken-ichi} Kawarabayashi and Bojan Mohar},
	Booktitle = {Proc. 40th Ann. ACM Symp. Theory Comput.},
	Date-Added = {2008-06-24 22:49:36 -0500},
	Date-Modified = {2008-11-24 13:47:00 -0600},
	Keywords = {graphs},
	Pages = {471--480},
	Title = {Graph and map isomorphism and all polyhedral embeddings in linear time},
	Year = {2008}}

@inproceedings{is-pebgg-07,
	Author = {Piotr Indyk and Anastasios Sidiropoulos},
	Booktitle = {Proc. 23rd Ann. ACM Symp. Comput. Geom.},
	Date-Added = {2008-06-24 22:26:42 -0500},
	Date-Modified = {2008-11-24 13:47:01 -0600},
	Keywords = {graphs},
	Pages = {204--209},
	Title = {Probabilistic embeddings of bounded genus graphs into planar graphs},
	Year = {2007}}

@article{ht-pants,
	Author = {Allen Hatcher and William Thurston},
	Date-Added = {2007-11-29 14:20:19 -0600},
	Date-Modified = {2007-11-29 14:21:04 -0600},
	Journal = {Topology},
	Number = {3},
	Pages = {221---237},
	Title = {A presentation for the mapping class group of a closed orientable surface},
	Volume = {19},
	Year = {1980}}

@article{hls-ttmcg-00,
	Author = {Allen Hatcher and Pierre Lochak and Leila Schneps},
	Date-Added = {2007-11-29 14:16:47 -0600},
	Date-Modified = {2008-10-28 11:37:25 -0400},
	Journal = {J.~Reine Angew. Math. },
	Pages = {1--24},
	Title = {On the {Teichm\"uller} tower of mapping class groups},
	Volume = {521},
	Year = {2000}}

@book{ss-grsts-92,
	Author = {Mike Sepp\"al\"a and Tuomas Sorvali},
	Date-Added = {2007-11-29 14:12:32 -0600},
	Date-Modified = {2008-10-28 11:36:46 -0400},
	Number = {169},
	Publisher = {North-Holland},
	Series = {North-Holland Mathematics Studies},
	Title = {Geometry of Riemann Surfaces and Teichm\"uller Spaces},
	Year = {1992}}

@book{hp-ctt-92,
	Author = {John L. Harer and R. C. Penner},
	Date-Added = {2007-11-29 13:58:34 -0600},
	Date-Modified = {2008-10-28 11:37:13 -0400},
	Number = {125},
	Publisher = {Princeton University Press},
	Series = {Annals of Math. Studies},
	Title = {Combinatorics of Train Tracks},
	Year = {1992}}

@misc{mapping-primer,
	Author = {Benson Farb and Dan Margalit},
	Date-Added = {2007-11-29 13:49:51 -0600},
	Date-Modified = {2008-06-29 08:40:47 -0500},
	Howpublished = {Preprint},
	Month = {August},
	Title = {A Primer on Mapping Class Groups},
	Url = {http://www.math.utah.edu/~margalit/primer/},
	Year = {2007},
	Bdsk-Url-1 = {http://www.math.utah.edu/~margalit/primer/}}

@misc{hatcherpants,
	Arxiv = {math.GT/9906084},
	Author = {Allen Hatcher},
	Date-Added = {2007-11-29 12:15:42 -0600},
	Date-Modified = {2007-11-29 12:17:19 -0600},
	Howpublished = {Preprint},
	Month = {June},
	Title = {Pants Decompositions of Surfaces},
	Year = {1999}}

@inproceedings{e-stssc-07,
	Arxiv = {cs.CG/0604034},
	Author = {David Eppstein},
	Booktitle = {Proc. 18th ACM-SIAM Symp. Discrete Algorithms},
	Date-Added = {2007-11-28 16:52:12 -0600},
	Date-Modified = {2008-10-23 06:49:31 -0500},
	Pages = {29--38},
	Title = {Squarepants in a tree: {S}um of subtree clustering and hyperbolic pants decomposition},
	Year = {2007}}

@inproceedings{kr-ccnlt-07,
	Author = {{Ken-ichi} Kawarabayashi and Bruce Reed},
	Booktitle = {Proc. 39th Ann ACM Symp. Theory Comput.},
	Date-Added = {2007-11-28 16:31:32 -0600},
	Date-Modified = {2008-11-24 13:46:59 -0600},
	Keywords = {graphs},
	Pages = {382--390},
	Title = {Computing crossing number in linear time},
	Year = {2007}}

@inproceedings{dhm-aacd-07,
	Author = {Erik D. Demaine and MohammadTaghi Hajiaghayi and Bojan Mohar},
	Booktitle = {Proc. 18th Ann. ACM-SIAM Symp. Discrete Algorithms ACM-SIAM symposium on Discrete algorithms},
	Date-Added = {2007-11-28 16:16:57 -0600},
	Date-Modified = {2008-11-24 13:52:00 -0600},
	Keywords = {graphs},
	Pages = {278--287},
	Title = {Approximation algorithms via contraction decomposition},
	Year = {2007}}

@inproceedings{gw-tnr-01,
	Author = {Igor Guskov and Zo{\"e} Wood},
	Booktitle = {Proc. Graphics Interface},
	Date-Added = {2007-11-28 16:12:29 -0600},
	Date-Modified = {2008-11-24 13:47:05 -0600},
	Keywords = {graphs},
	Pages = {19--26},
	Title = {Topological noise removal},
	Year = 2001}

@article{t-egnsn-90,
	Author = {Carsten Thomassen},
	Date-Added = {2007-11-28 11:43:51 -0600},
	Date-Modified = {2008-11-24 13:46:41 -0600},
	Doi = {http://dx.doi.org/10.1016/0095-8956(90)90115-G},
	Journal = {J. Comb. Theory Ser. B},
	Keywords = {graphs},
	Number = {2},
	Pages = {155--177},
	Title = {Embeddings of graphs with no short noncontractible cycles},
	Volume = {48},
	Year = {1990},
	Bdsk-Url-1 = {http://dx.doi.org/10.1016/0095-8956(90)90115-G}}

@inproceedings{ccelw-scsih-06,
	Author = {Erin W. Chambers and {\'E}ric {Colin de Verdi\`{e}re} and Jeff Erickson and Francis Lazarus and Kim Whittlesey},
	Booktitle = {Proc. 22nd Ann. ACM Symp. Comput. Geom.},
	Date-Added = {2007-11-28 11:33:06 -0600},
	Date-Modified = {2008-11-24 14:12:31 -0600},
	Keywords = {graphs},
	Pages = {421--429},
	Title = {Splitting (complicated) surfaces is hard},
	Year = {2006}}

@inproceedings{lpvv-ccpso-01,
	Author = {Francis Lazarus and Michel Pocchiola and Gert Vegter and Anne Verroust},
	Booktitle = {Proc. 17th Ann. ACM Symp. Comput. Geom.},
	Date-Added = {2007-11-28 11:31:31 -0600},
	Date-Modified = {2008-11-24 13:46:55 -0600},
	Keywords = {graphs},
	Pages = {80--89},
	Title = {Computing a Canonical Polygonal Schema of an Orientable Triangulated Surface},
	Year = 2001}

@article{eh-ocsd-04,
	Author = {Jeff Erickson and Sariel Har-Peled},
	Date-Modified = {2008-11-24 13:53:36 -0600},
	Journal = {Discrete Comput. Geom.},
	Keywords = {graphs},
	Number = 1,
	Pages = {37--59},
	Title = {Optimally Cutting a Surface into a Disk},
	Volume = 31,
	Year = 2004}

@article{cl-opdsh-07,
	Author = {{\'E}ric {Colin de Verdi{\`e}re} and Francis Lazarus},
	Date-Modified = {2008-11-24 14:10:46 -0600},
	Journal = {J. ACM},
	Keywords = {graphs},
	Number = 4,
	Title = {Optimal pants decompositions and shortest homotopic cycles on an orientable surface},
	Volume = 54,
	Year = 2007}

@inproceedings{pt-pdpp-06,
	Author = {Sheung-Hung Poon and Shripad Thite},
	Booktitle = {Proc. 22nd European Workshop Comput. Geom.},
	Date-Modified = {2008-10-28 11:36:21 -0400},
	Pages = {99-102},
	Title = {Pants Decomposition of the Punctured Plane},
	Url = {arXiv:cs.CG/0602080},
	Year = 2006,
	Bdsk-Url-1 = {arXiv:cs.CG/0602080}}

@inproceedings{ew-gohhg-05,
	Author = {Jeff Erickson and Kim Whittlesey},
	Booktitle = {Proc. 16th Ann. ACM-SIAM Symp. Discrete Algorithms},
	Date-Modified = {2008-11-24 13:53:51 -0600},
	Keywords = {graphs},
	Pages = {1038--1046},
	Title = {Greedy optimal homotopy and homology generators},
	Year = 2005}

@book{z-tc-05,
	Author = {Afra Zomorodian},
	Publisher = {Cambridge University Press},
	Title = {Topology and Computing},
	Year = 2005}

@book{mt-gos-01,
	Author = {Bojan Mohar and Carsten Thomassen},
	Date-Modified = {2008-11-24 13:46:52 -0600},
	Keywords = {graphs},
	Publisher = {Johns Hopkins University Press},
	Title = {Graphs on Surfaces},
	Year = 2001}

@inproceedings{ce-tspcs-06,
	Author = {{\'E}ric {Colin de Verdi{\`e}re} and Jeff Erickson},
	Booktitle = {Proc. 17th Ann. ACM-SIAM Symp. Discrete Algorithms},
	Date-Modified = {2008-11-24 14:11:04 -0600},
	Keywords = {graphs},
	Pages = {192--201},
	Title = {Tightening non-simple paths and cycles on surfaces},
	Year = 2006}

@inproceedings{e-dgteg-03,
	Arxiv = {cs.DS/0207082},
	Author = {David Eppstein},
	Booktitle = {Proc. 14th Ann. ACM-SIAM Symp. Discrete Algorithms},
	Date-Modified = {2008-11-24 13:47:21 -0600},
	Keywords = {graphs},
	Pages = {599--608},
	Title = {Dynamic generators of topologically embedded graphs},
	Year = 2003}

@inproceedings{cc-msspg-07,
	Author = {Sergio Cabello and Erin W. Chambers},
	Booktitle = {Proc. 18th Ann. ACM-SIAM Symp. Discrete Algorithms},
	Date-Modified = {2008-11-24 13:47:52 -0600},
	Keywords = {graphs},
	Pages = {89--97},
	Title = {Multiple source shortest paths in a genus $g$ graph},
	Year = 2007}

@inproceedings{k-csnco-06,
	Author = {Martin Kutz},
	Booktitle = {Proc. 22nd Ann. ACM Symp. Comput. Geom.},
	Date-Modified = {2008-11-24 13:46:57 -0600},
	Keywords = {graphs},
	Pages = {430--438},
	Title = {Computing shortest non-trivial cycles on orientable surfaces of bounded genus in almost linear time},
	Year = {2006}}

@article{cm-fsnsn-07,
	Author = {Sergio Cabello and Bojan Mohar},
	Date-Modified = {2008-11-24 13:47:50 -0600},
	Journal = {Discrete Comput. Geom.},
	Keywords = {graphs},
	Pages = {213--235},
	Title = {Finding Shortest Non-Separating and Non-Contractible Cycles for Topologically Embedded Graphs},
	Volume = 37,
	Year = 2007}

@inproceedings{cdem-fotc-08,
	Author = {Sergio Cabello and Matt DeVos and Jeff Erickson and Bojan Mohar},
	Booktitle = {Proc. 19th Ann. ACM-SIAM Symp. Discrete Algorithms},
	Date-Modified = {2008-11-24 14:12:54 -0600},
	Keywords = {graphs},
	Pages = {527--531},
	Title = {Finding one tight cycle},
	Year = {2008},
	Bdsk-Url-1 = {http://compgeom.cs.uiuc.edu/~jeffe/pubs/tight.html}}
